2332 3814
244 253 320 306 111,
349 251 391 305 3,
414 250 466 293 44
484 272 535 281 -
559 250 610 291 71

984 208 1049 220 ·-
1085 196 1212 233 XXIII
1247 210 1313 220 -—

354 365 439 412 ΞΥ.
466 362 801 424 Vigilantiam
825 365 968 409 tuam
995 365 1051 409 tu
1075 364 1203 411 mihi
1228 362 1446 411 narras?
1491 363 1594 411 ΒΕ.
1628 363 1709 411 Sic
1735 364 1831 410 siet

256 456 310 498 45

474 451 628 498 Modo
652 452 712 498 ut
735 464 873 498 nunc
896 454 990 508 est,
1021 465 1236 511 quaeso,
1293 453 1384 500 ΞΥ.
1425 453 1492 499 Vt
1515 452 1731 512 quisque
1764 465 1911 498 suom

1188 525 1298 573 volt
1325 539 1455 584 esse,
1470 526 1543 573 ita
1569 528 1667 574 est.

1803 251 1881 292 398
1905 250 2050 292 -425

356 615 453 662 ΒΕ.
481 614 613 669 Quid
638 627 755 661 eum
773 613 798 661 ¹?
837 614 1049 661 vidistin
1074 616 1225 663 hodie
1246 615 1271 662 ?
1312 616 1404 664 ΞΥ.
1443 616 1675 664 Tuomne
1700 616 1864 662 filium
1889 607 1926 662 9
1960 613 2051 660 400

357 869 454 916 ΒΕ.

256 1189 308 1230 50
355 1189 451 1236 ΒΕ.

255 1783 307 1824 55

352 1865 439 1911 ΞΥ.

352 1956 448 2002 ΒΕ.

354 2118 452 2165 ΒΕ.

355 2723 452 2770 ΒΕ.

254 2895 307 2935 65
353 2886 441 2933 ΞΥ.

256 3409 310 3450 70

474 731 532 739 —
554 705 775 764 Abigam
814 704 950 750 hunc
995 718 1103 752 rus.
1143 731 1202 738 -
1233 704 1344 751 Iam
1370 705 1565 751 dudum
1590 704 1785 765 aliquid
1810 706 1915 751 ruri

1248 793 1395 839 agere
1428 780 1668 827 arbitror.

477 868 632 915 Satin
658 868 756 914 scis
776 867 849 914 ibi
871 880 978 914 esse
996 867 1020 914 51
1070 868 1161 915 ΞΥ.
1201 868 1296 924 Oh,
1325 869 1414 928 qui
1434 872 1633 928 egomet
1663 868 1904 930 produxi.

1178 942 1280 990 ΒΕ.
1320 943 1539 1004 Optume
1564 946 1641 990 est
1657 957 1673 1003 3

473 1029 636 1077 Metui
662 1041 726 1078 ne
755 1028 988 1075 haereret
1008 1029 1110 1076 hic.
1174 1029 1267 1076 ΞΥ.
1306 1030 1475 1090 Atque
1506 1031 1697 1076 iratum
1730 1030 1913 1076 admo-

1520 1104 1665 1152 dum.

472 1189 605 1244 Quid
630 1188 840 1235 autem?
891 1189 982 1236 SY.
1021 1189 1246 1236 Adortus
1259 1189 1429 1250 Jurgio
1447 1192 1524 1236 est
1543 1190 1754 1236 fratrem
1773 1189 1911 1250 apud

594 1268 602 1271 ⁴
1501 1265 1674 1311 forum

472 1353 548 1399 De
595 1352 810 1413 psaltria
851 1354 1000 1400 istac.
1065 1354 1166 1401 ΒΕ.
1206 1354 1306 1399 Ain
1346 1353 1509 1400 vero?
1562 1354 1654 1401 ΞΥ.
1694 1354 1795 1411 Ah,
1837 1354 1910 1400 nil

1441 1429 1666 1477 reticuit.

472 1514 606 1561 Nam
633 1517 691 1560 ut
718 1515 1089 1563 numerabatur
1108 1516 1238 1561 forte
1264 1518 1552 1574 argentum,
1578 1516 1852 1563 intervenit

479 1601 648 1647 Homo
676 1601 737 1647 de
772 1602 1053 1661 improviso
1071 1615 1085 1660 3
1122 1602 1285 1662 coepit
1312 1602 1533 1648 clamare
1564 1604 1607 1648 ‘o
1639 1604 1908 1660 Aeschine,

472 1686 698 1735 Haecine
723 1688 918 1747 flagitia
944 1688 1107 1734 facere
1130 1690 1177 1732 te
1199 1687 1209 1733 1
1238 1686 1363 1733 haec
1389 1689 1437 1732 te
1464 1687 1731 1736 admittere

471 1777 690 1836 Indigna
714 1790 895 1837 genere
920 1779 1095 1823 nostro
1124 1776 1152 1823 1’
1206 1776 1309 1824 DE.
1335 1776 1430 1833 Oh,
1446 1775 1675 1824 lacrumo
1701 1779 1903 1838 gaudio.

476 1865 606 1911 ‘Non
634 1868 688 1910 tu
714 1865 809 1910 hoc
836 1867 1105 1923 argentum
1129 1864 1317 1924 perdis.
1345 1865 1432 1911 sed
1459 1866 1618 1912 vitam
1641 1866 1830 1914 tuam.'

470 1954 649 2002 Salvos
683 1956 777 2010 sit,
814 1967 959 2015 spero
985 1967 999 2012 3
1035 1956 1111 2000 est
1138 1954 1320 2000 similis
1339 1956 1592 2015 majorum
1609 1971 1772 2004 suom.
1820 1957 1906 2006 ΞΥ.

1528 2031 1635 2077 Hui
1656 2031 1666 2077 l

473 2119 614 2178 Syre,
642 2121 1026 2180 praeceptorum
1051 2119 1258 2180 plenust
1283 2121 1499 2167 istorum
1517 2119 1625 2168 ille.
1659 2121 1745 2167 ΞΥ.
1766 2121 1904 2181 Phy!

471 2208 624 2254 Domi
651 2208 834 2254 habuit
861 2208 995 2254 unde
1021 2208 1254 2255 disceret.
1316 2209 1418 2256 ΒΕ.
1459 2209 1544 2255 Fit
1569 2209 1777 2256 sedulo:

471 2291 559 2339 Nil
597 2292 947 2352 praetermitto
965 2305 979 2348 3
1010 2291 1331 2337 consuefacio
1349 2306 1364 2349 3
1392 2291 1611 2351 denique

473 2382 727 2443 Inspicere
751 2386 1018 2442 tamquam
1050 2383 1103 2428 in
1128 2383 1391 2442 speculum
1424 2384 1478 2429 in
1511 2384 1644 2430 vitas
1678 2384 1908 2431 omnium

471 2471 627 2517 Iubeo
662 2473 815 2530 atque
837 2484 898 2516 ex
922 2469 1036 2516 aliis
1063 2484 1262 2517 sumere
1285 2471 1577 2532 exemplum
1604 2472 1722 2519 sibi.

477 2558 602 2604 ‘Hoc
630 2558 820 2604 facito.'
876 2541 967 2606 ΞΥ.
1009 2559 1163 2605 Recte
1183 2561 1327 2605 san'e.
1390 2559 1491 2606 ΒΕ.
1557 2560 1683 2606 ‘Hoc
1711 2560 1909 2619 fugito!

1292 2633 1384 2680 ΞΥ.
1443 2633 1661 2681 Callicle.

477 2724 602 2770 ‘Hoc
627 2723 770 2770 laudi
795 2724 892 2788 est',
917 2725 1008 2772 SY.
1051 2725 1214 2770 Istaec
1239 2737 1317 2770 res
1335 2728 1432 2772 est.
1495 2726 1596 2772 ΒΕ.
1640 2725 1763 2771 “Hoc
1780 2724 1907 2771 vitio

1483 2799 1669 2846 datur.'

469 2886 822 2934 Probissume.
888 2887 990 2934 ΒΕ.
1031 2886 1186 2932 Porro
1209 2889 1382 2933 autem
1401 2924 1440 2934 ..
1471 2887 1562 2934 ΞΥ.
1602 2888 1719 2934 Non
1740 2887 1906 2934 hercle

1397 2962 1559 3007 otium
1593 2965 1670 3008 est

471 3051 620 3096 Nunc
647 3050 716 3095 mi
744 3049 1102 3096 auscultandi:
1159 3050 1312 3109 piscis
1337 3064 1398 3095 ex
1425 3050 1677 3097 sententia

477 3142 673 3187 Nactus
699 3155 813 3187 sum
835 3155 848 3199 3
874 3141 887 3187 i
917 3141 1043 3187 mihi
1078 3154 1141 3187 ne
1173 3142 1570 3201 corrumpantur
1605 3141 1772 3188 cautio
1797 3143 1874 3187 est
1889 3154 1904 3199 3

472 3231 604 3276 Nam
629 3230 681 3276 id
708 3230 855 3276 nobis
882 3233 983 3276 tam
1012 3229 1261 3288 flagitium
1288 3231 1364 3275 est
1389 3243 1543 3288 quam
1568 3228 1676 3283 illa,
1697 3228 1903 3283 Demea,

472 3318 588 3364 Non
616 3318 779 3363 facere
803 3317 969 3372 vobiS‚
998 3330 1127 3376 quae
1152 3314 1302 3361 modo
1329 3314 1489 3372 dixti3
1525 3317 1574 3360 et
1604 3314 1741 3373 quod
1777 3326 1907 3373 queo

474 3403 752 3450 Conservis
775 3402 838 3447 ad
865 3401 1080 3448 eundem
1110 3401 1278 3446 istunc
1303 3400 1557 3461 praecipio
1583 3399 1789 3445 modum
1811 3413 1821 3446 :

485 3495 608 3540 ‘Hoc
641 3493 836 3540 salsum
866 3496 959 3547 est,
989 3493 1081 3538 hoc·-
1107 3491 1347 3539 adustum
1376 3494 1466 3546 est,
1494 3491 1590 3536 hoc
1613 3489 1813 3536 lautum
1831 3492 1907 3536 est

1454 3578 1635 3625 parum
1652 3578 1668 3622 3

1955 1431 2045 1477 405

1953 1874 2043 1920 410

1953 2394 2043 2441 415

1950 3058 2040 3106 420

1950 3573 2040 3619 4525
