2332 3814
360 188 563 239 1‚2,4-

1106 155 1170 162 —
1206 141 1294 175 vm
1330 155 1396 164 -—-

594 189 646 229 36
1754 229 1763 233 „
1921 194 1973 234 84
1997 217 2046 224 —
2069 195 2144 236 116

467 289 556 335 M1.
580 289 712 345 Quid
749 288 908 335 fecit?
979 289 1075 335 DE.
1124 288 1257 343 Quid
1295 289 1382 337 ille
1422 291 1615 348 feeerit,
1657 305 1808 352 quem
1849 306 2013 353 neque

468 818 565 864 DE.

375 989 423 1029 10

470 1797 560 1843 M1.

375 1992 427 2033 20
471 1990 567 2038 ΒΕ.

378 2964 428 3005 30

473 3056 568 3102 DE.

378 3500 429 3540 35

1622 367 1780 428 pudet

585 461 867 521 Quicquam
888 475 978 508 neo
991 462 1174 509 metuit
1185 476 1494 523 quemquam
1513 478 1677 525 neque
1691 465 1854 525 legem
1868 468 2018 527 putat
2074 459 2134 505 85

585 554 776 599 Tenere
802 567 854 599 se
880 553 1076 600 ullam?
1095 555 1229 600 Nam
1252 554 1343 600 illa
1361 570 1490 615 quae
1508 557 1724 603 antehae
1746 557 1881 604 faeta
1899 560 2020 602 sunt

586 641 776 687 Omitto
795 655 807 698 3
848 642 997 687 modo
1036 643 1159 702 quid
1196 643 1525 702 designavit?
1586 644 1676 690 Μ1.
1726 645 1857 699 Quid
1898 658 2019 691 nam

1596 719 1646 764 id
1670 722 1745 765 est
1762 719 1784 765 ‘?

591 818 761 893 FOQ
762 819 958 878 effregit
979 821 1133 879 atque
1156 820 1209 865 in
1237 820 1375 865 aedis
1395 820 1555 866 inruit

586 906 822 964 Alienas3
850 907 1020 966 ipsum
1043 907 1307 953 dominum
1335 911 1487 967 atque
1528 921 1732 954 omnem
1768 907 2019 954 familiam
2124 964 2136 975 ι

586 992 833 1038 Mulcavit
857 1006 1020 1052 usque
1046 993 1110 1038 ad
1135 995 1348 1038 mortem
1367 1006 1381 1050 3
1410 993 1594 1052 eripuit
1619 992 1881 1038 mulierem
2078 985 2137 1032 90

587 1079 749 1133 Quam
780 1079 1021 1137 amabatg
1050 1079 1279 1124 clamant
1292 1093 1468 1125 omnes
1493 1079 1866 1137 indignissume

585 1165 802 1211 Factum
829 1178 956 1211 esse.
1007 1166 1119 1211 Hoc
1146 1166 1437 1211 advenienti
1460 1169 1585 1225 quot
1607 1167 1752 1222 mihi,
1791 1167 1959 1224 Micio,

587 1252 770 1297 Dixere
792 1251 801 1296 2
831 1251 891 1296 In
917 1264 1000 1296 ore
1027 1253 1103 1297 est
1128 1252 1268 1296 omni
1292 1251 1499 1311 populo.
1563 1251 1811 1312 Denique,

599 1343 651 1388 Si
677 1343 1041 1389 eonferendum
1070 1344 1361 1404 exemplum
1391 1346 1484 1400 est,
1519 1358 1621 1390 non
1648 1346 1858 1392 fratrem
1881 1347 2021 1393 videt

591 1434 684 1481 Rei
711 1436 829 1481 dare
858 1447 1083 1494 operam,
1111 1435 1216 1481 ruri
1249 1449 1357 1481 esse
1397 1450 1607 1495 parcum
1654 1448 1711 1481 ae
1753 1435 2020 1483 sobrium?
2079 1431 2140 1477 95

590 1531 806 1579 Nullum
851 1530 1005 1589 hujus
1051 1531 1216 1578 simile
1255 1533 1465 1578 factum.
1531 1533 1669 1578 Haeo
1719 1543 1873 1593 quom
1921 1530 2017 1586 illi,

1611 1608 1780 1664 Micio,

588 1695 730 1752 Dico,
759 1695 854 1742 tihi
879 1695 990 1741 dico
1013 1709 1027 1753 3
1057 1698 1113 1742 tu
1139 1695 1287 1741 illum
1315 1697 1569 1756 eorrumpi
1595 1697 1737 1742 sinis.

589 1797 811 1843 Homine
859 1797 1094 1856 imperito
1127 1811 1411 1857 numquam
1445 1798 1720 1856 quiequam
1754 1797 2016 1856 injustius,

588 1886 702 1942 Qui,
724 1886 824 1930 nisi
849 1886 984 1945 quod
1008 1886 1114 1946 ipse
1142 1886 1276 1940 feeit,
1297 1886 1370 1931 nil
1397 1888 1591 1932 rectum
1616 1888 1780 1947 putat.

593 1992 846 2046 Quorsum
873 1991 1045 2038 istuc?
1090 1990 1180 2036 M1.
1216 1991 1344 2045 Quia
1370 1992 1441 2047 tu,
1476 1990 1683 2045 Demea,
1722 1989 1848 2036 haee
1887 1988 2019 2035 male
2053 1984 2143 2032 100

1564 2065 1780 2124 Judicas.

589 2157 704 2203 Non
732 2159 808 2201 est
830 2156 1100 2215 flagitium,
1125 2156 1252 2202 mihi
1279 2157 1439 2211 erede,
1468 2155 1908 2202 adulescentulum

590 2242 830 2297 Scortari,
854 2254 1018 2301 neque
1044 2243 1218 2300 potare
1237 2255 1250 2299 3
1276 2255 1378 2287 non
1405 2244 1512 2299 estg
1538 2254 1702 2300 neque
1729 2241 1852 2287 foris

591 2330 889 2388 Effringere.
955 2329 1092 2374 Haeo
1119 2329 1162 2373 si
1189 2341 1351 2387 neque
1378 2342 1468 2386 ego
1494 2340 1660 2387 neque
1698 2329 1752 2372 tu
1787 2327 2018 2381 fecimus,

589 2422 705 2468 Non
729 2423 815 2468 siit
839 2425 1036 2481 egestas
1060 2423 1223 2467 faeere
1249 2433 1343 2466 nos
1357 2433 1371 2477 3
1400 2422 1454 2464 tu
1481 2432 1618 2465 nune
1644 2418 1737 2464 tibi

589 2508 648 2554 Id
674 2508 815 2553 laudi
841 2508 1002 2563 ducis,
1031 2508 1168 2567 quod
1195 2511 1304 2553 tum
1330 2506 1495 2552 fecisti
1516 2506 1688 2566 inopia
1707 2542 1717 2552 .
2055 2505 2144 2552 105

589 2595 842 2654 Injurmm
875 2598 951 2640 est
972 2608 985 2651 3
1014 2609 1134 2639 nam
1162 2594 1204 2639 si
1223 2595 1354 2639 esset
1380 2591 1514 2638 unde
1539 2592 1591 2637 id
1618 2592 1782 2646 fieret,
2039 2586 2045 2592 ’

589 2682 894 2726 Faceremus
914 2694 926 2737 ;
955 2682 1004 2726 et
1029 2682 1085 2725 tu
1111 2679 1258 2726 illum
1286 2681 1446 2731 tuom,
1476 2678 1519 2723 si
1546 2690 1682 2723 esses
1709 2676 1880 2730 homo,

590 2773 790 2817 Sineres
818 2784 954 2816 nuno
979 2771 1160 2826 faeere,
1189 2770 1310 2815 dum
1338 2783 1426 2828 per
1450 2770 1666 2814 aetatem
1691 2767 1826 2822 lieet,

591 2863 767 2908 Potius
794 2875 967 2921 quam,
996 2862 1086 2906 ubi
1111 2864 1159 2907 te
1185 2862 1534 2918 exspectatum
1561 2858 1788 2918 eJeeisset
1808 2857 1960 2911 foras,

591 2951 847 2997 Alieniore
874 2953 1039 2997 aetate
1065 2953 1180 3010 post
1207 2951 1395 2996 faceret
1415 2952 1605 2995 tamen.
2056 2951 2145 2997 110

592 3055 688 3101 Pro
726 3055 971 3115 Iuppiter,
1000 3058 1055 3101 tu
1082 3055 1234 3101 homo
1266 3055 1429 3114 adigis
1454 3067 1533 3099 me
1559 3054 1623 3099 ad
1647 3053 1927 3100 insaniam.

591 3143 705 3189 Non
748 3146 823 3188 est
864 3143 1115 3202 flagitium
1158 3143 1321 3188 faeere
1363 3141 1488 3187 haee
1540 3138 2022 3186 adulescentulum?

1556 3214 1645 3260 M1.
1684 3215 1783 3269 Ah,

590 3308 856 3363 Ausculta,
885 3321 947 3354 ne
971 3322 1050 3354 me
1076 3308 1331 3354 obtundas
1358 3307 1417 3351 de
1444 3307 1539 3351 hae
1565 3319 1615 3352 re
1643 3305 1845 3365 saepius
1872 3318 1881 3350 :

591 3397 754 3441 Tuom
781 3396 947 3441 filium
976 3397 1161 3442 dedisti
1187 3395 1538 3455 adoptandum
1563 3394 1722 3450 mihi3

594 3484 643 3528 Is
669 3496 812 3529 meus
836 3487 911 3529 est
938 3485 1103 3529 factus
1128 3497 1138 3529 z
1168 3485 1211 3529 si
1237 3484 1360 3543 quid
1381 3487 1571 3544 peccat,
1597 3482 1808 3536 Demea,
2055 3486 2146 3532 115

595 3572 722 3619 Mihi
747 3576 920 3634 peccat
944 3588 958 3632 3
983 3587 1074 3632 ego
1100 3573 1175 3619 illi
1201 3587 1499 3620 maxumam
1522 3575 1718 3633 partem
1748 3571 1871 3618 fero,
