2332 3814
949 175 1213 228 „33-

289 304 352 348 vt
372 314 526 356 neque
544 302 658 356 quid
685 312 761 345 me
781 301 950 344 faciam
974 312 1061 344 nec
1084 301 1197 354 quid
1219 311 1357 354 agam
1383 299 1566 342 certum
1592 294 1684 341 siet

290 360 500 429 Membra
523 386 653 428 metu
678 385 850 428 debilia
866 386 980 428 sunt

290 461 489 504 Animus
507 461 677 504 timore
705 460 935 514 obstipuit

290 542 485 585 Pectore
510 542 770 585 consistere
786 539 905 584 nihil
925 540 1111 584 consilii
1134 541 1237 594 quit
1259 541 1355 583 uah

294 627 534 676 Quomodo
562 637 638 668 me
661 636 720 668 ex
741 626 831 668 hac
860 624 1106 677 expediam
1131 625 1271 667 turba

293 709 442 750 Tanta
468 718 594 749 nunc
617 705 825 759 suspicio
853 706 911 748 de
933 716 1008 748 me
1036 704 1203 746 incidit
1220 714 1374 757 neque
1400 714 1456 746 ea
1476 703 1696 746 inmerito

296 787 508 829 Sostrata
527 785 677 828 credit
699 784 816 827 mihi
840 795 915 827 me
935 783 1180 836 psaltriam
1205 784 1327 825 hanc
1348 783 1520 826 emisse
1553 783 1601 825 id
1629 793 1750 825 anus
1774 781 1891 823 mihi
1915 781 1991 824 in-

1450 850 1624 893 dicium
1649 849 1782 893 fecit.

256 968 466 1016 Comme
490 979 558 1014 on
582 965 629 1012 le
652 965 777 1025 voit,
796 964 887 1026 j'ai
913 965 1046 1011 suivi
1078 977 1295 1024 presque
1334 965 1545 1024 partout
1579 961 1627 1009 16
1666 964 1804 1008 texte
1845 960 1906 1007 de
1944 958 1995 1005 F

200 1058 254 1106 Ρ
274 1073 290 1118 ;
312 1059 363 1120 je
388 1072 469 1105 me
495 1060 677 1105 trouve
702 1057 834 1104 ainsi
857 1057 1088 1104 d'accord
1113 1070 1234 1104 avec
1259 1057 1402 1102 Dzia.
1428 1069 1559 1116 pour
1589 1054 1641 1100 la
1661 1053 1870 1115 plupart
1908 1051 1997 1098 des

199 1159 334 1205 verS,
363 1159 486 1193 avec
511 1146 696 1206 Speng.
725 1148 775 1192 et
799 1145 966 1193 Psich.
994 1159 1124 1207 pour
1146 1145 1221 1192 les
1245 1160 1299 1193 v.
1321 1145 1436 1192 61‘2a
1455 1147 1504 1192 et
1527 1143 1663 1195 61210.
1697 1144 1826 1200 Vah,
1850 1141 1998 1204 apres

199 1233 248 1286 16
271 1253 327 1287 v.
358 1239 464 1296 613,
491 1239 653 1286 forme
678 1253 778 1285 une
800 1238 1029 1286 clausule
1054 1239 1084 1285 ὰ
1107 1242 1240 1300 part.

262 1330 341 1377 On
365 1343 398 1376 a
419 1329 550 1376 donc
575 1332 688 1376 tout
711 1329 922 1376 d'ahord
945 1329 1033 1376 des
1058 1342 1175 1375 vers
1215 1329 1275 1374 de
1314 1330 1437 1388 type
1481 1324 1834 1388 exceptionnel
1873 1336 2003 1386 pour

206 1421 460 1483 exprimet
502 1421 549 1468 le
593 1422 830 1469 desordre
866 1421 955 1468 des
994 1422 1297 1468 sentiments
1339 1420 1674 1481 (610a-613);
1715 1419 1833 1481 puis
1870 1418 2005 1466 deux

206 1525 324 1559 vers
347 1512 635 1572 iambiques
658 1512 782 1572 (614,
809 1512 916 1572 615)
943 1525 1075 1573 pour
1108 1512 1160 1558 la
1204 1512 1451 1559 tentative
1482 1511 1543 1558 de
1583 1511 1827 1558 reflexion
1866 1512 1917 1557 et
1954 1509 2006 1555 la

107 1651 116 1657 ,
207 1603 454 1665 premiere
475 1602 624 1650 lueur
646 1602 708 1650 de
732 1603 892 1649 verite
906 1616 921 1660 3
950 1604 1088 1650 enfin
1113 1603 1201 1650 des
1224 1616 1338 1651 vers
1367 1603 1692 1663 trocha'iques
1718 1601 1894 1662 quand
1932 1601 2007 1648 les

210 1694 349 1742 idees
374 1694 761 1742 s'eclaircissent
786 1697 900 1742 tout
924 1696 955 1742 ἐι
985 1696 1096 1742 fait.
1138 1697 1340 1743 L'unite
1380 1697 1440 1743 de
1477 1710 1531 1743 ce
1571 1697 1733 1757 grand
1772 1709 2008 1743 morceau

213 1788 450 1847 apparait
473 1786 534 1843 si,
561 1798 628 1831 au
652 1784 756 1831 lieu
781 1785 1026 1832 d’etudier
1046 1787 1328 1833 seulement
1352 1786 1426 1834 les
1450 1800 1563 1833 vers
1588 1800 1659 1832 un
1680 1800 1775 1847 par
1810 1799 1900 1842 un,
1942 1798 2009 1832 on

217 1878 427 1926 ohserve
451 1877 503 1924 la
525 1880 779 1926 structure
804 1879 1060 1939 generale.
1092 1879 1189 1927 Ces
1214 1878 1468 1926 dernieres
1508 1876 1863 1925 observations
1895 1879 2012 1923 sont

219 1968 344 2015 dues
370 1970 401 2015 εὶ
421 1969 483 2017 L.
517 1970 703 2018 Havet.

135 2069 157 2103 x
278 2058 451 2106 Fleck.
479 2071 767 2107 commence
790 2073 884 2121 par
907 2059 1042 2106 deux
1067 2059 1378 2120 septenaires
1404 2059 1759 2120 trochaiques:

273 2187 542 2232 Discrucior
559 2187 705 2230 animi
727 2202 740 2229 :
759 2188 929 2230 hocine
956 2188 1013 2230 de
1034 2188 1285 2241 improviso
1307 2189 1424 2231 mihi
1449 2190 1561 2232 mali
1583 2190 1706 2233 obici

273 2274 486 2328 Tantum·
516 2274 571 2315 ut
596 2283 749 2332 neque
774 2272 887 2325 quid
911 2273 968 2315 de
993 2283 1068 2314 me
1090 2272 1257 2314 faciam
1283 2283 1371 2314 nec
1391 2272 1503 2325 quid
1531 2283 1669 2326 agam
1694 2274 1875 2316 certum
1899 2274 2016 2317 sieti

287 2373 451 2450 610⁶
466 2415 525 2448 a.
546 2401 866 2449 DISCRUCIOR
889 2414 1042 2447 ΑΝῙΜῙ
1066 2400 1131 2447 cf.
1147 2400 1315 2447 Plaut.
1344 2401 1518 2448 Aulul.
1546 2401 1588 2460 Ι,
1613 2401 1644 2448 2
1669 2402 1716 2461 (3
1738 2402 1903 2460 Ben.)‚
1927 2403 1986 2450 27
2006 2417 2018 2451 t

227 2492 435 2546 Animi,
463 2490 642 2536 ancien
666 2489 858 2545 locatif‚
887 2502 939 2534 se
959 2489 1094 2548 joint
1119 2503 1221 2535 aux
1244 2504 1303 2536 ve
1318 2491 1433 2536 rbes
1460 2494 1511 2537 et
1536 2505 1641 2537 aux
1689 2492 1926 2552 adjectifs
1942 2493 2053 2553 qais

231 2582 321 2643 qui
358 2585 631 2643 marquent
666 2581 713 2629 le
758 2582 958 2629 trouble
998 2595 1065 2629 ou
1103 2582 1391 2643 l'agitation
1416 2584 1638 2632 violente
1660 2586 1721 2633 de
1744 2585 1909 2632 l'stme.
1931 2586 2013 2644 (E.

232 2673 442 2721 Benoist
466 2674 595 2720 dans
622 2686 715 2721 son
740 2673 819 2721 ed.
845 2674 907 2721 de
931 2673 1182 2734 l'Aulul.).

291 2767 376 2816 Cf.
407 2766 736 2828 l’expression
762 2780 859 2814 nee
883 2780 965 2814 me
992 2769 1175 2814 animi
1199 2767 1374 2826 fallit,
1401 2768 1520 2815 chez
1546 2767 1782 2817 Lucrece.

295 2883 464 2931 6¹1.
492 2884 629 2939 Qun>
660 2896 733 2930 ME
759 2896 956 2930 FActAM
978 2895 1044 2929 on
1079 2884 1202 2930 ecrit
1224 2884 1616 2943 generalement,
1646 2886 1843 2948 d’apres
1861 2887 2023 2942 Don.,
2118 2938 2121 2941 ,

237 2978 373 3035 quid
391 2979 455 3022 de
475 2989 558 3022 me
583 2976 811 3034 faciam.
853 2976 988 3023 C'est
1023 2977 1167 3024 Dzia.
1210 2979 1300 3038 qui
1340 2992 1370 3024 a
1391 2979 1574 3027 retabli
1610 2994 1733 3027 avec
1773 2981 1945 3028 raison
1979 2980 2028 3027 16

241 3070 377 3114 texte
402 3068 490 3114 des
516 3082 641 3115 mss.
676 3071 726 3115 et
748 3069 964 3125 monne,
993 3082 1055 3115 en
1088 3069 1383 3117 renuissent
1411 3070 1484 3117 les
1502 3071 1757 3132 exemples
1775 3072 2028 3129 suivants,

242 3173 340 3221 que
364 3159 564 3219 facere,
588 3174 780 3208 comme
811 3164 934 3223 fieri
972 3164 1021 3209 et
1061 3176 1191 3218 esse,
1235 3177 1286 3209 se
1332 3163 1582 3210 construit
1616 3164 1716 3210 tres
1755 3164 1873 3210 bien
1913 3176 2034 3210 avec

241 3251 467 3298 l’ablatif
486 3252 547 3298 de
571 3252 622 3298 la
646 3266 896 3314 personne
923 3253 1033 3300 seul
1054 3254 1173 3314 (abl.
1194 3254 1602 3309 instrumental):
1632 3253 2032 3307 Hautont.‚188:

246 3341 379 3400 quia
402 3343 551 3388 enim
578 3342 853 3389 incertum
881 3348 959 3390 est
1000 3345 1188 3400 etiam,
1230 3346 1366 3403 quid
1389 3357 1445 3392 se
1484 3346 1693 3404 faciat;
1730 3346 1850 3392 317:
1899 3344 2038 3395 Quid

246 3433 344 3480 illo
367 3434 591 3493 facias?
625 3436 756 3484 Eun.
789 3436 909 3484 837:
952 3439 1086 3496 quid
1123 3438 1219 3484 illo
1256 3437 1547 3496 faciemus,
1589 3436 1803 3484 stulta?
1842 3435 2033 3483 Hecur.

4 3489 61 3814 ἱ
1862 3553 1890 3596 6
