2332 3814
222 261 343 304 Prol.
371 262 391 304 l
417 283 470 294 —
491 262 556 304 25.
1831 272 1850 313 1
1880 293 1930 301 —
1956 272 2011 313 25

234 1768 288 1810 10

236 2208 289 2251 15

234 2656 290 2701 20

828 633 1440 696 PROLOGVS

397 954 678 1014 Postquam
703 957 854 1016 poeta
879 957 1039 1004 sensit
1061 956 1368 1017 scripturam
1396 968 1543 1002 suam

398 1044 480 1090 Ab
503 1045 695 1104 iniquis
718 1046 978 1093 observari
1005 1049 1054 1092 et
1080 1046 1402 1093 advorsarios

405 1133 602 1194 Rapere
629 1134 682 1179 in
708 1135 932 1194 pej0rem
959 1139 1157 1196 partem
1187 1149 1343 1195 quam
1370 1135 1533 1181 acturi
1560 1148 1758 1187 sumus,

401 1222 596 1269 Indicio
623 1223 684 1270 «le
712 1238 765 1270 se
790 1225 898 1285 ipse
923 1226 1034 1280 erit,
1062 1237 1153 1271 vos
1179 1225 1317 1271 eritis
1336 1224 1550 1283 judices,

1979 1313 2011 1358 Ul

403 1311 604 1358 Laudin
638 1326 704 1358 an
730 1314 855 1359 vitio
881 1314 997 1359 duci
1018 1314 1290 1378 fflaotum
1315 1315 1563 1374 oporteat.

400 1401 940 1462 Synapothnescontes
965 1403 1163 1464 Diphili
1187 1403 1447 1450 comoedia
1478 1405 1584 1449 est:

396 1490 526 1538 Eam
552 1491 943 1538 Commorientis
965 1492 1176 1538 Plautus
1201 1480 1321 1538 fecit
1343 1491 1592 1538 fabulam.

400 1580 460 1628 In
485 1581 682 1628 Graeca
707 1581 1008 1628 adulescens
1033 1586 1127 1638 est,
1154 1583 1244 1643 qui
1267 1582 1439 1628 lenoni
1464 1582 1613 1642 eripit

402 1670 720 1718 Meretricem
742 1672 794 1717 in
819 1672 986 1732 prima
1013 1671 1222 1729 fabula3
1250 1685 1366 1738 eum
1384 1671 1601 1731 ,Plautus
1624 1671 1793 1718 locum

398 1760 631 1820 Reliquit
649 1761 906 1820 integrum
934 1775 950 1820 3
979 1774 1094 1807 eum
1120 1761 1201 1807 hic
1221 1761 1391 1807 locum
1415 1761 1635 1822 sumpsit
1659 1761 1757 1807 sibi
1947 1764 2008 1810 10

399 1850 458 1896 In
492 1849 772 1911 AdelphoS,
799 1851 1014 1897 verbum
1040 1851 1100 1897 de
1124 1851 1280 1897 verbo
1306 1864 1605 1912 expressum
1627 1850 1825 1897 extulit.

401 1939 528 1984 Eam
556 1952 650 1984 nos
677 1940 841 1985 acturi
868 1953 1047 1985 sumus
1068 1953 1254 1986 novam
1276 1953 1285 1986 :
1311 1940 1594 1999 pernoscite

403 2028 689 2074 Furtumne
716 2028 906 2074 factum
924 2029 1243 2074 existumetis
1269 2042 1334 2074 an
1359 2028 1529 2075 locum

398 2115 799 2178 Reprehensum,
829 2117 916 2177 qui
935 2118 1238 2178 praeteritus
1271 2117 1587 2176 neclegentia
1605 2120 1702 2164 est.

394 2207 526 2253 Nam
557 2207 694 2266 quod
720 2186 807 2252 isti
833 2206 1009 2252 dicunt
1033 2206 1279 2263 malivoli,
1307 2206 1540 2252 homines
1562 2205 1750 2253 nobilis
1947 2214 2007 2260 15

396 2296 528 2363 Qu
555 2295 787 2355 adJutare
811 2295 1125 2355 adsidueque
1152 2309 1255 2341 una
1282 2296 1499 2342 scribere
1517 2331 1529 2352 ,
2085 2298 2135 2364 12·

396 2385 542 2440 Quod
570 2385 647 2431 illi
672 2385 1004 2431 maledictum
1030 2384 1307 2431 vehemens
1330 2398 1439 2432 esse
1465 2386 1796 2441 existumant,

396 2475 523 2521 Eam
550 2474 756 2521 laudem
779 2474 860 2520 hic
887 2474 1028 2520 ducit
1053 2487 1372 2529 maxumam,
1397 2487 1552 2535 quom
1586 2474 1688 2520 illis
1721 2474 1886 2536 placet

393 2563 491 2619 Qui
515 2563 662 2609 vobis
680 2563 937 2610 univorsis
963 2552 1013 2609 et
1038 2562 1228 2623 populo
1253 2562 1475 2623 placent,

394 2653 619 2707 Quorum
643 2665 797 2713 opera
822 2653 874 2698 in
901 2652 1055 2707 hello,
1084 2652 1135 2697 in
1163 2652 1283 2708 otio,
1307 2652 1359 2698 in
1387 2653 1588 2712 negotio
1943 2653 2003 2701 20

394 2742 496 2787 Suo
524 2741 742 2802 quisque
769 2744 994 2801 tempore
1020 2743 1170 2786 usust
1194 2740 1303 2786 sine
1329 2741 1587 2801 superbia.

395 2830 591 2877 Dehinc
619 2844 680 2876 ne
707 2830 1011 2891 exspectetis
1037 2832 1395 2888 argumentum
1422 2829 1657 2877 fabulae:

394 2918 549 2965 Senes
575 2919 664 2978 qui
688 2918 841 2979 primi
866 2918 1090 2973 venient,
1117 2918 1134 2963 i
1160 2921 1356 2977 partem
1382 2919 1629 2980 aperient,

395 3007 453 3053 In
479 3007 677 3067 agendo
704 3010 902 3068 partem
923 3006 1214 3053 ostendent.
1240 3006 1413 3054 Facite
1435 3010 1808 3068 aequanimitas

393 3097 573 3142 Poetae
601 3096 664 3142 ad
691 3095 1014 3143 scribendum
1042 3098 1228 3155 augeat
1252 3096 1574 3144 industriam.
1940 3098 2000 3145 25
