2332 3814
257 273 392 328 1v,-5,
423 273 476 315 53
499 294 553 304 -
573 270 628 313 73
990 237 1054 248 -
1090 225 1225 263 ΗΠ
1258 237 1324 248 —
1801 276 1879 318 687
1901 297 1954 308 -
1975 276 2053 317 7ο7

477 384 587 431 Iam
633 384 686 432 id
731 389 996 447 peccatum
1044 389 1268 448 primum
1326 402 1588 448 magnum,
1650 402 1913 449 magnum,

1076 465 1131 508 at
1154 463 1442 510 humanum
1468 466 1643 510 tamen
1661 476 1677 521 3

479 545 664 592 Fecere
688 546 778 593 alii
803 560 952 608 saepe
976 548 1098 594 item
1120 549 1262 597 boni.
1296 550 1364 596 At
1381 552 1656 611 postquam
1677 549 1918 614 idgyit,

1519 623 1659 679 ced0,

265 714 319 755 55
484 710 749 771 Numquid
785 711 1190 772 circumspexti?
1226 717 1317 759 aut
1348 713 1600 773 numquid
1636 715 1744 759 tute
1785 692 1923 801 pro}-

1366 800 1395 849 g
1409 787 1551 848 pexti
1574 787 1684 842 tibi,

487 876 620 933 Quid
646 879 787 925 fieret
805 877 829 925 ?
853 893 955 939 qua
980 880 1154 927 fieret?
1179 882 1222 926 si
1247 884 1295 928 te
1321 881 1391 927 mi
1412 880 1585 941 ipsum
1610 880 1795 941 puduit
1813 896 1925 944 pro-

1524 956 1686 1016 loqui,
1972 960 2063 1006 690

490 1042 601 1096 Qua
626 1043 983 1090 resciscerem?
1005 1043 1143 1089 Haec
1165 1043 1289 1090 dum
1310 1045 1536 1100 dubitaS,
1565 1058 1766 1091 menses
1792 1046 1926 1093 abie-

1340 1123 1460 1166 runt
1486 1121 1679 1167 decem.

493 1205 771 1252 Prodidisti
789 1209 838 1253 et
863 1209 911 1253 te
936 1210 985 1254 et
1004 1207 1150 1255 illam
1172 1209 1412 1254 miseram
1446 1212 1496 1255 et
1520 1211 1753 1268 gnatum,
1789 1209 1928 1270 quod

1183 1282 1390 1342 quidem
1415 1283 1467 1328 in
1493 1286 1540 1329 te
1566 1283 1686 1330 fuit.

491 1366 658 1421 Quid?
709 1368 949 1416 credebas
1000 1370 1274 1418 dormienti
1309 1371 1435 1419 haec
1473 1371 1567 1418 tibi
1609 1372 1927 1418 confecturos

1534 1445 1694 1492 deos?

273 1534 327 1576 60
493 1528 559 1574 Et
583 1528 727 1576 illam
753 1530 863 1577 sine
888 1534 979 1578 tua
1004 1544 1158 1593 opera
1175 1532 1229 1578 in
1255 1532 1549 1580 cubiculum
1569 1533 1632 1578 iri
1655 1532 1931 1578 deductum

1452 1606 1697 1653 domum?

494 1694 666 1740 Nolim
695 1683 977 1742 ceterarum
1002 1710 1175 1743 rerum
1197 1699 1245 1743 te
1271 1697 1533 1743 socordem
1559 1696 1734 1743 eodem
1751 1695 1925 1743 modo.
1982 1702 2071 1748 695

496 1780 639 1827 Bono
677 1782 850 1829 animo
890 1796 962 1839 es,
1001 1784 1153 1830 duces
1191 1798 1424 1832 uxorem.
1479 1787 1579 1831 ΑΕ.
1615 1784 1798 1831 Ηθῐη.ῗ
1837 1785 1926 1831 Μῐ.

658 1858 800 1906 Bono
826 1861 999 1907 animo
1025 1875 1095 1916 es,
1131 1862 1365 1922 inquam.
1395 1864 1493 1909 ΑΕ.
1528 1861 1695 1917 Pater,

499 1948 735 2006 Obsecro,
779 1964 905 1996 num
945 1950 1081 1998 ludis
1118 1954 1173 1998 tu
1211 1966 1348 1997 nunc
1399 1952 1517 1999 me?
1565 1952 1660 1999 M1.
1711 1953 1818 2012 Ego
1854 1952 1939 1998 te?

886 2024 1051 2079 Quam
1079 2025 1144 2070 ob
1172 2025 1310 2071 rem?
1354 2025 1452 2072 As.
1485 2026 1695 2072 Nescio:

503 2109 633 2163 Quia
667 2111 774 2156 tam
795 2110 976 2158 misere
1001 2112 1094 2158 hoc
1121 2125 1230 2158 esse
1255 2112 1404 2172 cupio
1428 2126 1625 2167 verum,
1665 2127 1722 2159 eo
1757 2126 1938 2159 vereor

1503 2186 1690 2246 magis.

282 2273 335 2315 65
388 2268 482 2316 M1.
513 2270 613 2316 Abi
641 2270 848 2318 domum
872 2286 930 2319 ac
954 2273 1075 2320 deos
1101 2287 1438 2334 comprecare,
1464 2278 1522 2321 ut
1546 2288 1756 2322 uxorem
1775 2289 1938 2322 accer-

1442 2362 1556 2396 sas:
1585 2350 1690 2397 abi.

388 2431 483 2481 As.
510 2432 642 2487 Quid
660 2432 683 2479 ⁶?
718 2433 827 2493 jam
862 2447 1071 2481 uxorem
1089 2435 1112 2481 ‘?
1155 2391 1246 2507 fir(
1290 2436 1417 2482 Iam.
1467 2436 1568 2484 ΑΕ.
1633 2437 1744 2484 Iam
1764 2437 1787 2483 ⁶?
1834 2438 1930 2484 M1.

551 2506 662 2553 Iam
689 2511 940 2566 quantum
965 2511 1152 2568 potest.
1186 2510 1286 2557 ΑΕ.
1319 2510 1384 2556 Di
1410 2524 1506 2566 me,
1534 2514 1697 2572 pater,
1986 2516 2075 2562 700

504 2596 695 2644 Omnes
721 2598 937 2655 oderint,
962 2600 1015 2646 ni
1039 2600 1203 2659 magis
1227 2603 1275 2646 te
1300 2614 1457 2660 quam
1483 2601 1658 2648 oculos
1684 2615 1821 2647 nunc
1847 2614 1938 2661 ego

845 2709 847 2712 .
1397 2690 1513 2723 amo
1540 2690 1697 2723 meos.

389 2757 478 2805 M1.
507 2759 680 2814 Quid?
722 2775 877 2821 quam
917 2762 1101 2808 illam?
1162 2763 1261 2809 ΑΕ.
1309 2763 1499 2823 Aeque.
1564 2764 1661 2811 Mt.
1695 2765 1940 2812 Perbeni-

598 2848 696 2894 gne
720 2836 729 2881 l
776 2836 876 2882 ΑΕ.
911 2837 1040 2891 Quid
1061 2837 1083 2882 ἰ)
1108 2836 1193 2882 ille
1219 2837 1308 2882 ubi
1334 2840 1411 2883 est
1436 2838 1704 2885 Milesius?

392 2921 485 2969 M1.
516 2921 727 2969 Periit...
763 2924 908 2979 abiit,
938 2938 1119 2971 navem
1146 2925 1393 2972 ascendit.
1449 2926 1545 2972 Sed
1571 2940 1701 2986 quor
1725 2941 1893 2975 cessas
1918 2927 1942 2974 5³

1218 3000 1318 3047 ΑΕ.
1375 3000 1491 3057 Abi,
1518 3005 1663 3062 pater
1688 3015 1698 3048 ε

290 3099 342 3141 70
517 3086 594 3132 Tu
614 3087 786 3146 potius
804 3088 924 3135 deos
943 3102 1290 3150 comprecare3
1306 3103 1425 3137 nam
1443 3091 1538 3138 tibi
1554 3105 1639 3138 eos
1657 3095 1793 3140 certo
1817 3093 1937 3150 sci0‚

511 3175 621 3229 Quo
651 3176 732 3223 vir
754 3177 930 3225 melior
957 3179 1119 3226 multo
1146 3193 1199 3227 es
1223 3194 1378 3241 quam
1405 3194 1513 3242 ego,
1555 3183 1941 3244 obtemperatu—

1410 3269 1492 3303 ros
1519 3258 1698 3317 magiS.
1987 3263 2076 3310 705

394 3339 485 3387 M1.
514 3341 622 3401 Ego
662 3356 720 3389 eo
755 3343 908 3401 intro,
937 3347 995 3390 ut
1018 3358 1148 3404 quae
1173 3359 1302 3406 opus
1325 3350 1446 3393 sunt
1470 3351 1715 3408 parentur
1739 3361 1753 3406 ;
1782 3350 1836 3394 tu
1863 3349 1941 3393 fac

1239 3423 1296 3466 ut
1322 3421 1444 3477 dixi,
1469 3422 1510 3467 si
1538 3423 1696 3481 sapis.

400 3505 495 3550 ΑΕ.
522 3506 653 3559 Quid
689 3505 784 3554 hoc
824 3512 900 3554 est
940 3507 1151 3567 negoti?
1211 3509 1305 3556 hoc
1340 3513 1418 3557 est
1456 3514 1651 3570 patrem
1682 3524 1809 3567 esse,
1852 3514 1942 3556 aut

1147 3582 1240 3630 hoc
1268 3588 1345 3630 est
1368 3583 1530 3630 filium
1557 3584 1705 3631 esse?
