2332 3814
1026 178 1086 187 -
1124 164 1227 201 XLII
1263 180 1328 190 —

289 218 344 270 v,
373 215 605 269 1‚1-19
1815 214 2083 260 '855—873

315 2079 365 2120 10

1000 404 1255 464 ACTVS
1297 405 1354 462 V

1073 562 1322 610 DEMEA

1110 669 1283 720 SssNssx

515 807 795 866 Nunquam
821 807 893 852 ita
918 807 1190 867 quisquam
1216 807 1344 853 hene
1377 807 1629 853 subducta
1662 807 1859 853 ratione
1892 807 1956 853 ad
2000 800 2090 847 855

1413 883 1574 928 vitam
1602 882 1716 937 fuit,

526 968 659 1023 Quin
685 981 783 1024 res,
811 971 970 1026 aetas,
999 983 1124 1015 usus
1141 982 1339 1030 semper
1353 967 1551 1027 aliquid
1565 968 1797 1028 adportet
1812 968 1954 1023 novi,

524 1056 735 1117 Aliquid
762 1059 984 1112 moneat,
1017 1060 1073 1102 ut
1097 1056 1204 1112 illa,
1233 1070 1363 1116 quae
1386 1059 1434 1102 te
1460 1057 1615 1102 scisse
1636 1057 1827 1113 credaS,
1844 1069 1956 1102 nes-

1592 1131 1715 1186 ciaS‚

526 1219 591 1264 Et
617 1233 746 1278 quae
774 1219 867 1265 tihi
893 1219 1092 1279 putaris
1118 1219 1306 1278 prima,
1329 1219 1383 1264 in
1409 1216 1720 1278 experiundo
1734 1219 1793 1263 ut
1816 1229 1961 1276 repu-

1587 1294 1716 1340 dieS.

529 1387 674 1442 Quod
715 1400 852 1432 nunc
892 1387 967 1432 mi
1002 1387 1171 1432 evenit
1197 1400 1212 1444 3
1240 1399 1362 1431 nam
1401 1397 1493 1444 ego
1542 1384 1703 1430 vitam
1759 1382 1960 1439 duram,

1038 1475 1194 1521 quam
1218 1461 1326 1507 vixi
1350 1473 1513 1520 usque
1538 1458 1722 1515 adhuc,

529 1549 693 1608 Prope
735 1548 844 1607 Jam
887 1560 1100 1592 excurso
1149 1547 1314 1607 spatio
1338 1548 1540 1595 omitto.
1595 1547 1654 1593 Id
1694 1561 1851 1606 quam
1897 1545 1962 1591 ob

1123 1635 1229 1667 rem
1249 1622 1273 1668 ἲ)
1295 1636 1346 1668 re
1371 1623 1484 1683 ipsa
1517 1622 1714 1682 repperi
2009 1630 2098 1676 860

527 1714 794 1760 Facilitate
820 1712 894 1758 nil
912 1726 1019 1759 esse
1045 1713 1242 1758 homini
1267 1712 1450 1758 melius
1476 1726 1638 1771 neque
1666 1711 1956 1757 clementia.

529 1805 587 1851 Id
613 1818 722 1850 esse
762 1817 939 1850 verum
976 1817 1036 1850 ex
1073 1817 1152 1848 me
1192 1805 1345 1862 atque
1379 1815 1441 1848 ex
1476 1802 1631 1847 fratre
1669 1800 1869 1860 quoivis
1895 1800 1966 1844 fa-

1281 1876 1378 1925 cile
1405 1877 1481 1920 est
1505 1887 1726 1920 noscere.

530 1967 622 2013 Ille
650 1978 798 2012 suam
827 1977 1027 2024 semper
1052 1963 1154 2022 egit
1174 1963 1337 2009 vitam
1358 1962 1413 2008 in
1442 1962 1563 2017 otio,
1590 1962 1642 2008 in
1668 1962 1933 2008 conviviis.

531 2057 788 2111 Clemens,
815 2054 1064 2115 placidus,
1104 2051 1235 2098 nulli
1260 2051 1459 2097 laedere
1485 2064 1557 2107 OS,
1599 2051 1827 2097 adridere
1863 2065 1967 2096 om-

1542 2127 1695 2186 nibus
1713 2140 1728 2184 3

532 2219 640 2265 Sibi
662 2217 808 2271 vixit,
835 2215 934 2261 sihi
959 2216 1225 2275 sumptum
1251 2213 1368 2259 fecit
1390 2226 1405 2276 ².
1427 2226 1603 2259 omnes
1627 2213 1757 2259 bene
1775 2213 1968 2270 dicunt,

1332 2290 1335 2293 “
1539 2289 1732 2332 amant.
2015 2289 2106 2336 865

531 2384 640 2442 Ego
667 2381 752 2427 ille
779 2380 1012 2440 agrestis,
1043 2390 1239 2434 saevos,
1263 2376 1441 2431 tristis,
1482 2389 1684 2435 parcus,
1705 2375 1973 2421 truculen-

1431 2453 1533 2505 tus,
1557 2452 1730 2504 tenax,

530 2542 669 2588 Duxi
695 2553 938 2587 uxorem:
966 2551 1122 2598 quam
1147 2537 1219 2583 ibi
1244 2536 1502 2581 miseriam
1540 2535 1673 2580 vidi!
1713 2535 1825 2579 nati
1860 2533 1970 2590 filii,

534 2633 652 2679 Alia
677 2632 826 2678 cura!
871 2631 1001 2677 Heia
1026 2633 1217 2684 autem,
1256 2628 1379 2674 dum
1405 2626 1583 2673 studeo
1608 2625 1710 2671 illis
1735 2629 1792 2670 ut
1817 2638 1973 2684 quam

1368 2700 1668 2761 plurumum

536 2797 795 2850 Facerem,
817 2793 1035 2840 contrivi
1058 2793 1112 2838 in
1140 2789 1437 2852 quaerundo
1468 2789 1630 2834 vitam
1661 2790 1814 2846 atque
1840 2787 1973 2831 aeta-

1417 2867 1517 2909 tem
1544 2875 1738 2908 meam:

538 2960 687 3006 Nunc
731 2960 912 3004 exacta
951 2958 1118 3002 aetate
1157 2955 1253 3000 hoc
1294 2952 1447 2999 fructi
1488 2963 1579 3012 pro
1604 2949 1777 2995 labore
1812 2949 1876 2993 ab
1902 2949 1975 2994 eis

1615 3024 1738 3079 fero,
2022 3029 2112 3075 870

540 3120 744 3166 Odium.
785 3117 877 3163 Ille
919 3117 1047 3163 alter
1070 3117 1180 3162 sine
1219 3115 1391 3160 labore
1417 3113 1582 3174 patria
1623 3113 1818 3171 potitur
1849 3124 1978 3157 com-

1546 3187 1698 3232 moda
1725 3200 1735 3232 ε

538 3285 692 3331 lllum
734 3285 928 3336 amant,
970 3295 1053 3327 me
1095 3282 1320 3340 fugitant
1334 3294 1349 3339 3
1389 3279 1466 3325 illi
1510 3279 1723 3324 credunt
1763 3277 1977 3325 consilia

1549 3365 1740 3407 omma,

546 3449 702 3495 Illum
749 3447 991 3506 diligunt,
1032 3446 1171 3505 apud
1213 3444 1361 3490 illum
1388 3444 1512 3488 sunt
1555 3442 1723 3498 ambo,
1774 3453 1864 3499 ego
1899 3440 1978 3485 de-

1409 3515 1578 3557 sertus
1597 3524 1742 3568 sum3
