2332 3814
397 220 776 282 v‚3‚7-4‚22
1136 178 1451 214 —XLW—
1807 216 1826 229 ³
1942 228 2194 277 895—920

627 344 694 389 Et
717 339 812 389 tibi
838 343 902 389 ob
930 355 1040 389 eam
1067 357 1191 398 rem,
1220 345 1390 403 siquid
1412 359 1538 390 usus
1563 348 1776 402 venerit,
2108 346 2199 395 895

630 428 838 474 Lubens
864 428 994 474 bene
1016 428 1194 474 faxim.
1229 456 1288 461 —
1319 430 1537 477 Meditor
1561 445 1669 478 esse
1695 433 1952 490 adfabilis,

631 514 696 560 Et
720 515 848 560 bene
871 515 1117 575 procedit.
1183 516 1277 561 GE.
1301 516 1476 562 Bonus
1503 530 1573 573 es,
1601 531 1757 578 quom
1778 520 1903 567 haec
1928 522 2067 583 exis·

956 592 958 594 ’
1637 594 1823 640 tumas.

412 671 464 713 10
512 672 608 718 DEI
634 672 891 719 Paulatim
917 673 1119 733 plebem
1144 674 1427 734 primulum
1453 677 1584 724 facio
1609 691 1793 725 meam.

647 877 1079 930 AEscH1st
1147 881 1395 930 DEMEA
1462 880 1676 932 SYRvs
1748 882 1936 932 GE'rA

703 1019 1048 1071 ADVLESCENS
1186 993 1357 1108 SENssff
1583 1025 1740 1075 SERVI
1785 1040 1824 1076 11

424 1213 475 1255 V
522 1208 616 1253 ΑΕ.
644 1187 892 1253 Occidunt
917 1221 998 1254 me
1026 1209 1277 1268 equidem,
1307 1209 1429 1255 dum
1455 1209 1610 1255 nimis
1636 1212 1839 1256 sanctas
1863 1211 2072 1272 nuptias

431 1302 463 1343 4
638 1300 855 1346 Student
879 1301 1048 1346 facere
1074 1313 1085 1341 ε
1113 1301 1167 1344 in
1193 1300 1489 1360 adparando
1517 1304 1827 1347 consumunt
1851 1302 2001 1347 diem.
2119 1306 2208 1353 900

517 1391 614 1437 ΒΕ.
642 1390 775 1446 Quid
814 1391 1000 1449 agitur,
1039 1390 1289 1436 Aeschine
1319 1388 1342 1436 ?
1403 1390 1496 1435 ΑΕ.
1524 1390 1705 1445 Ehem,
1734 1391 1879 1453 pater
1902 1389 1990 1445 mi,
2016 1391 2072 1435 tu

1565 1463 1649 1511 hic
1675 1477 1788 1509 eras
1814 1463 1837 1509 5>

520 1553 616 1598 DE.
645 1552 783 1597 Tuos
808 1550 977 1596 hercle
1002 1562 1121 1596 vero
1150 1552 1199 1596 et
1225 1550 1396 1596 animo
1428 1553 1477 1596 et
1501 1552 1688 1595 natura
1711 1551 1873 1610 pater,

443 1649 468 1689 5
637 1636 735 1692 Qui
773 1641 820 1681 te
855 1637 994 1680 amat
1033 1634 1151 1695 plus
1194 1627 1349 1694 quam
1381 1635 1533 1681 hosce
1558 1635 1749 1681 oculos.
1813 1635 1911 1681 Sed
1949 1647 2078 1695 quor

1494 1723 1600 1755 non
1626 1710 1838 1755 domum

644 1800 865 1846 onrem
903 1797 1119 1844 accersis
1148 1797 1171 1843 ⁶?
1231 1797 1327 1843 ΑΕ.
1357 1797 1552 1857 Cupi03
1595 1811 1775 1843 verum
1812 1797 1907 1843 hoc
1951 1796 2078 1842 mihi

1547 1885 1719 1918 morae
1744 1874 1837 1927 est,

637 1964 900 2011 Tibicinae
924 1965 973 2009 et
1011 1962 1360 2023 hymenaeum
1394 1962 1495 2022 ‚qui
1527 1964 1747 2009 cantent.
1812 1962 1907 2009 DE.
1946 1962 2076 2013 Eho,
2125 1963 2214 2010 905

640 2056 739 2103 Vin
787 2057 843 2100 tu
883 2055 1002 2100 huic
1048 2055 1161 2100 seni
1201 2055 1492 2101 auscultare
1516 2054 1540 2101 ‘l
1599 2054 1694 2100 ΑΕ.
1740 2055 1872 2110 Quid
1895 2054 1919 2101 ⁶?
1946 2097 1949 2098 γ
1980 2054 2077 2101 ΒΕ.

1385 2130 1547 2177 Missa
1573 2130 1698 2175 haec
1723 2130 1849 2187 face,

637 2219 1022 2278 Hymenaeum,
1051 2217 1251 2274 turbas,
1276 2216 1568 2277 lampadas,
1595 2216 1852 2271 tibicinas,

422 2315 473 2358 10
641 2307 811 2366 Atque
835 2306 972 2351 hanc
991 2306 1046 2351 in
1073 2306 1221 2351 horto
1250 2306 1522 2351 maceriam
1545 2305 1668 2364 Jube
1691 2304 1825 2350 dirui

645 2396 908 2450 Quantum
934 2396 1105 2452 potest
1118 2407 1133 2452 3
1154 2394 1251 2439 hac
1275 2393 1497 2439 transfer
1513 2407 1528 2452 3
1555 2407 1713 2439 unam
1737 2393 1818 2438 fac
1842 2393 2051 2438 domum
2065 2403 2080 2449 3

645 2482 874 2529 Traduce
914 2484 964 2528 et
1004 2483 1222 2528 matrem
1273 2483 1323 2527 et
1362 2481 1616 2527 familiam
1653 2494 1857 2526 omnem
1881 2479 1947 2524 ad
1971 2492 2082 2524 nos.

1521 2555 1616 2600 ΑΕ.
1648 2555 1838 2611 Placet,
2129 2557 2218 2604 910

647 2647 803 2692 Pater
818 2645 1168 2705 lepidissume.
1202 2644 1299 2705 DE.
1322 2643 1481 2703 Euge,
1498 2643 1607 2702 jam
1628 2643 1830 2702 lepidus
1846 2657 2085 2689 vocor.—

643 2736 815 2783 Fratri
842 2736 990 2782 aedes
1016 2736 1141 2781 fient
1165 2734 1390 2796 perviae,
1415 2734 1620 2779 turbam
1644 2733 1854 2779 domum

429 2841 480 2881 15
643 2827 896 2881 Adducet,
925 2827 1136 2884 sumptu
1157 2824 1358 2869 amittet
1379 2822 1543 2869 multa
1564 2837 1575 2865 z
1601 2822 1726 2882 quid
1751 2835 1865 2868 mea
1884 2822 1909 2868 ¹?

645 2912 757 2970 Ego
782 2909 985 2969 lepidus
1009 2908 1125 2954 ineo
1151 2907 1387 2966 gratiam.
1452 2906 1577 2952 Iube
1603 2906 1846 2951 nunciam

648 3001 950 3046 Dinumeret
973 2997 1060 3044 ille
1085 2997 1285 3057 Babylo
1311 2997 1499 3056 viginti
1522 2997 1710 3043 minas.
2131 3002 2221 3048 915

648 3093 789 3152 Syre,
832 3103 1001 3136 cessas
1041 3089 1114 3135 ire
1152 3102 1212 3135 ac
1253 3087 1454 3134 facere?
1514 3087 1601 3134 SY.
1624 3087 1760 3142 Quid
1786 3100 1876 3146 ego
1903 3086 1927 3134 ‘2
1986 3087 2084 3134 DE.

1668 3161 1846 3206 Dirue.

652 3251 732 3296 Tu
755 3249 872 3296 illas
899 3249 985 3294 abi
1012 3251 1060 3294 et
1087 3248 1308 3294 traduce.
1372 3246 1466 3293 GE.
1493 3246 1560 3292 Di
1585 3246 1696 3302 tibi,
1728 3246 1938 3303 Demea,

432 3348 485 3390 20
649 3335 786 3381 Bene
808 3332 1019 3389 faciant,
1045 3346 1202 3392 quom
1227 3335 1275 3379 te
1306 3331 1455 3379 video
1477 3333 1682 3377 nostrae
1706 3329 1934 3375 familiae

649 3421 779 3466 Tam
805 3432 868 3465 ex
895 3419 1069 3464 animo
1089 3419 1284 3464 factum
1301 3416 1447 3464 velle.
1514 3416 1608 3461 DE.
1638 3415 1830 3474 Dignos
1849 3413 2082 3459 arbitror.

648 3507 780 3564 Quid
802 3509 858 3553 tu
883 3504 998 3551 ais?
1058 3484 1153 3551 ΑΕ.
1181 3505 1263 3551 Sic
1287 3503 1482 3572 opinor.
1547 3501 1643 3548 DE.
1673 3500 1838 3547 Multo
1863 3499 2074 3546 rectiust
2131 3497 2221 3546 920
