<?xml version="1.0" encoding="UTF-8"?>
<!DOCTYPE html PUBLIC "-//W3C//DTD XHTML 1.0 Transitional//EN"
    "http://www.w3.org/TR/xhtml1/DTD/xhtml1-transitional.dtd">
<html xmlns="http://www.w3.org/1999/xhtml" xml:lang="en" lang="en">
 <head>
  <title>
</title>
<meta http-equiv="Content-Type" content="text/html;charset=utf-8" />
  <meta name='ocr-system' content='tesseract 3.04.00' />
  <meta name='ocr-capabilities' content='ocr_page ocr_carea ocr_par ocr_line ocrx_word'/>
</head>
<body>
  <div class='ocr_page' id='page_1' title='image "adelphoe00tereuoft_0035.png"; bbox 0 0 2332 3814; ppageno 0'>
   <div class='ocr_carea' id='block_1_1' title="bbox 212 185 2027 574">
    <p class='ocr_par' dir='ltr' id='par_1_1' title="bbox 212 185 2027 574">
     <span class='ocr_line' id='line_1_1' title="bbox 233 185 2027 291; baseline 0 -13"><span class='ocrx_word' id='word_1_1' title='bbox 233 235 309 291; x_wconf 80' lang='grc' dir='ltr'>ω,</span> <span class='ocrx_word' id='word_1_2' title='bbox 330 237 372 290; x_wconf 80' lang='lat'>2,</span> <span class='ocrx_word' id='word_1_3' title='bbox 393 236 421 278; x_wconf 85' lang='lat'>5</span> <span class='ocrx_word' id='word_1_4' title='bbox 437 257 491 268; x_wconf 93' lang='lat'><em>-</em></span> <span class='ocrx_word' id='word_1_5' title='bbox 512 234 566 277; x_wconf 77' lang='lat'>25</span> <span class='ocrx_word' id='word_1_6' title='bbox 985 199 1051 210; x_wconf 61' lang='grc'>““</span> <span class='ocrx_word' id='word_1_7' title='bbox 1086 185 1173 223; x_wconf 44' lang='lat'>⁸¹⁴⁸</span> <span class='ocrx_word' id='word_1_8' title='bbox 1207 199 1271 211; x_wconf 68' lang='grc'>-</span> <span class='ocrx_word' id='word_1_9' title='bbox 1776 235 1853 278; x_wconf 82' lang='lat'>303</span> <span class='ocrx_word' id='word_1_10' title='bbox 1880 259 1924 267; x_wconf 93' lang='lat'>-</span> <span class='ocrx_word' id='word_1_11' title='bbox 1950 237 2027 279; x_wconf 82' lang='lat'>323</span> 
     </span>
     <span class='ocr_line' id='line_1_2' title="bbox 275 352 1638 414; baseline 0.001 -18"><span class='ocrx_word' id='word_1_12' title='bbox 275 355 303 396; x_wconf 88' lang='lat'>5</span> <span class='ocrx_word' id='word_1_13' title='bbox 452 352 560 409; x_wconf 84' lang='lat' dir='ltr'>Vis,</span> <span class='ocrx_word' id='word_1_14' title='bbox 587 356 802 413; x_wconf 83' lang='lat' dir='ltr'>egestas,</span> <span class='ocrx_word' id='word_1_15' title='bbox 837 353 1109 414; x_wconf 86' lang='lat' dir='ltr'>injustitia,</span> <span class='ocrx_word' id='word_1_16' title='bbox 1138 353 1380 410; x_wconf 90' lang='lat' dir='ltr'>solitudo,</span> <span class='ocrx_word' id='word_1_17' title='bbox 1405 353 1638 400; x_wconf 83' lang='lat' dir='ltr'>infamia.</span> 
     </span>
     <span class='ocr_line' id='line_1_3' title="bbox 212 420 1886 500; baseline -0.002 -13"><span class='ocrx_word' id='word_1_18' title='bbox 212 420 215 424; x_wconf 29' lang='grc'><strong>”</strong></span> <span class='ocrx_word' id='word_1_19' title='bbox 451 439 646 487; x_wconf 90' lang='lat' dir='ltr'>Hocine</span> <span class='ocrx_word' id='word_1_20' title='bbox 687 438 943 486; x_wconf 76' lang='lat' dir='ltr'>saeclum!</span> <span class='ocrx_word' id='word_1_21' title='bbox 987 453 1016 486; x_wconf 96' lang='lat' dir='ltr'>o</span> <span class='ocrx_word' id='word_1_22' title='bbox 1043 439 1251 496; x_wconf 91' lang='lat' dir='ltr'>scelera,</span> <span class='ocrx_word' id='word_1_23' title='bbox 1295 453 1324 486; x_wconf 96' lang='lat' dir='ltr'>o</span> <span class='ocrx_word' id='word_1_24' title='bbox 1358 453 1544 500; x_wconf 84' lang='lat' dir='ltr'>genera</span> <span class='ocrx_word' id='word_1_25' title='bbox 1569 437 1832 498; x_wconf 85' lang='lat' dir='ltr'>sacrilega,</span> <span class='ocrx_word' id='word_1_26' title='bbox 1857 451 1886 484; x_wconf 95' lang='lat' dir='ltr'>o</span> 
     </span>
     <span class='ocr_line' id='line_1_4' title="bbox 1131 513 1649 574; baseline -0.004 -13"><span class='ocrx_word' id='word_1_27' title='bbox 1131 514 1392 561; x_wconf 90' lang='lat' dir='ltr'>hominem</span> <span class='ocrx_word' id='word_1_28' title='bbox 1416 513 1617 574; x_wconf 91' lang='lat' dir='ltr'>inpium</span> <span class='ocrx_word' id='word_1_29' title='bbox 1638 513 1649 559; x_wconf 79' lang='lat'>1</span> 
     </span>
    </p>
   </div>
   <div class='ocr_carea' id='block_1_2' title="bbox 334 603 1890 666">
    <p class='ocr_par' dir='ltr' id='par_1_2' title="bbox 334 603 1890 666">
     <span class='ocr_line' id='line_1_5' title="bbox 334 603 1890 666; baseline -0.001 -14"><span class='ocrx_word' id='word_1_30' title='bbox 334 604 417 652; x_wconf 89' lang='lat' dir='ltr'>So.</span> <span class='ocrx_word' id='word_1_31' title='bbox 451 603 534 652; x_wconf 91' lang='lat' dir='ltr'>Me</span> <span class='ocrx_word' id='word_1_32' title='bbox 559 605 798 652; x_wconf 82' lang='lat' dir='ltr'><strong>miseram</strong></span> <span class='ocrx_word' id='word_1_33' title='bbox 818 605 828 652; x_wconf 79' lang='lat' dir='ltr'>l</span> <span class='ocrx_word' id='word_1_34' title='bbox 857 606 981 666; x_wconf 88' lang='lat' dir='ltr'>quid</span> <span class='ocrx_word' id='word_1_35' title='bbox 1007 620 1128 652; x_wconf 89' lang='lat' dir='ltr'>nam</span> <span class='ocrx_word' id='word_1_36' title='bbox 1147 606 1378 666; x_wconf 89' lang='lat' dir='ltr'>estquod</span> <span class='ocrx_word' id='word_1_37' title='bbox 1395 605 1466 651; x_wconf 91' lang='lat' dir='ltr'>sic</span> <span class='ocrx_word' id='word_1_38' title='bbox 1483 605 1632 652; x_wconf 88' lang='lat' dir='ltr'>video</span> <span class='ocrx_word' id='word_1_39' title='bbox 1651 604 1890 650; x_wconf 89' lang='lat' dir='ltr'>timidum</span> 
     </span>
    </p>
   </div>
   <div class='ocr_carea' id='block_1_3' title="bbox 254 677 2030 1155">
    <p class='ocr_par' dir='ltr' id='par_1_3' title="bbox 254 677 2030 1155">
     <span class='ocr_line' id='line_1_6' title="bbox 972 677 2030 741; baseline -0.002 -15"><span class='ocrx_word' id='word_1_40' title='bbox 972 684 1023 726; x_wconf 92' lang='lat' dir='ltr'>et</span> <span class='ocrx_word' id='word_1_41' title='bbox 1047 683 1408 741; x_wconf 81' lang='lat' dir='ltr'>properantem</span> <span class='ocrx_word' id='word_1_42' title='bbox 1431 680 1614 726; x_wconf 86' lang='lat' dir='ltr'>Getam</span> <span class='ocrx_word' id='word_1_43' title='bbox 1630 678 1655 725; x_wconf 70' lang='grc' dir='ltr'><em>ἳ</em></span> <span class='ocrx_word' id='word_1_44' title='bbox 1940 677 2030 724; x_wconf 83' lang='lat'>305</span> 
     </span>
     <span class='ocr_line' id='line_1_7' title="bbox 335 766 1891 828; baseline -0.001 -15"><span class='ocrx_word' id='word_1_45' title='bbox 335 767 428 814; x_wconf 77' lang='lat' dir='ltr'>GE.</span> <span class='ocrx_word' id='word_1_46' title='bbox 458 767 618 823; x_wconf 86' lang='lat' dir='ltr'>Quem</span> <span class='ocrx_word' id='word_1_47' title='bbox 643 780 810 828; x_wconf 87' lang='lat' dir='ltr'>neque</span> <span class='ocrx_word' id='word_1_48' title='bbox 835 767 960 814; x_wconf 91' lang='lat' dir='ltr'>fides</span> <span class='ocrx_word' id='word_1_49' title='bbox 981 781 1145 828; x_wconf 86' lang='lat' dir='ltr'>neque</span> <span class='ocrx_word' id='word_1_50' title='bbox 1162 769 1248 828; x_wconf 86' lang='lat' dir='ltr'>jus</span> <span class='ocrx_word' id='word_1_51' title='bbox 1260 768 1541 828; x_wconf 85' lang='lat' dir='ltr'>jurandum</span> <span class='ocrx_word' id='word_1_52' title='bbox 1554 781 1718 828; x_wconf 85' lang='lat' dir='ltr'>neque</span> <span class='ocrx_word' id='word_1_53' title='bbox 1743 766 1891 813; x_wconf 91' lang='lat' dir='ltr'>illum</span> 
     </span>
     <span class='ocr_line' id='line_1_8' title="bbox 1310 844 1657 890; baseline -0.006 0"><span class='ocrx_word' id='word_1_54' title='bbox 1310 844 1657 890; x_wconf 83' lang='lat' dir='ltr'>misericordia</span> 
     </span>
     <span class='ocr_line' id='line_1_9' title="bbox 454 932 1891 994; baseline -0.001 -15"><span class='ocrx_word' id='word_1_55' title='bbox 454 933 714 994; x_wconf 82' lang='lat' dir='ltr'>Repressit</span> <span class='ocrx_word' id='word_1_56' title='bbox 737 946 901 992; x_wconf 86' lang='lat' dir='ltr'>neque</span> <span class='ocrx_word' id='word_1_57' title='bbox 929 932 1123 978; x_wconf 74' lang='lat' dir='ltr'>reflexit</span> <span class='ocrx_word' id='word_1_58' title='bbox 1148 946 1312 992; x_wconf 88' lang='lat' dir='ltr'>neque</span> <span class='ocrx_word' id='word_1_59' title='bbox 1340 932 1478 992; x_wconf 86' lang='lat' dir='ltr'>quod</span> <span class='ocrx_word' id='word_1_60' title='bbox 1513 934 1692 993; x_wconf 90' lang='lat' dir='ltr'>partus</span> <span class='ocrx_word' id='word_1_61' title='bbox 1734 932 1891 977; x_wconf 88' lang='lat' dir='ltr'>insta-</span> 
     </span>
     <span class='ocr_line' id='line_1_10' title="bbox 1386 1008 1656 1068; baseline 0.004 -16"><span class='ocrx_word' id='word_1_62' title='bbox 1386 1008 1476 1053; x_wconf 86' lang='lat' dir='ltr'>bat</span> <span class='ocrx_word' id='word_1_63' title='bbox 1499 1020 1656 1068; x_wconf 88' lang='lat' dir='ltr'>prope</span> 
     </span>
     <span class='ocr_line' id='line_1_11' title="bbox 254 1092 1890 1155; baseline 0 -17"><span class='ocrx_word' id='word_1_64' title='bbox 254 1098 304 1139; x_wconf 85' lang='lat'>10</span> <span class='ocrx_word' id='word_1_65' title='bbox 457 1095 585 1150; x_wconf 90' lang='lat' dir='ltr'>Quoi</span> <span class='ocrx_word' id='word_1_66' title='bbox 624 1096 837 1142; x_wconf 77' lang='lat' dir='ltr'>miserae</span> <span class='ocrx_word' id='word_1_67' title='bbox 874 1096 1082 1155; x_wconf 78' lang='lat' dir='ltr'>indigne</span> <span class='ocrx_word' id='word_1_68' title='bbox 1121 1109 1210 1155; x_wconf 91' lang='lat' dir='ltr'>per</span> <span class='ocrx_word' id='word_1_69' title='bbox 1249 1096 1354 1141; x_wconf 87' lang='lat' dir='ltr'>vim</span> <span class='ocrx_word' id='word_1_70' title='bbox 1399 1095 1586 1140; x_wconf 80' lang='lat' dir='ltr'>vitium</span> <span class='ocrx_word' id='word_1_71' title='bbox 1617 1092 1890 1140; x_wconf 87' lang='lat' dir='ltr'>obtulerat.</span> 
     </span>
    </p>
   </div>
   <div class='ocr_carea' id='block_1_4' title="bbox 1165 1168 1655 1228">
    <p class='ocr_par' dir='ltr' id='par_1_4' title="bbox 1165 1168 1655 1228">
     <span class='ocr_line' id='line_1_12' title="bbox 1165 1168 1655 1228; baseline -0.004 -12"><span class='ocrx_word' id='word_1_72' title='bbox 1165 1170 1246 1216; x_wconf 89' lang='lat' dir='ltr'>So.</span> <span class='ocrx_word' id='word_1_73' title='bbox 1274 1170 1390 1216; x_wconf 92' lang='lat' dir='ltr'>Non</span> <span class='ocrx_word' id='word_1_74' title='bbox 1415 1168 1655 1228; x_wconf 82' lang='lat' dir='ltr'>intellego</span> 
     </span>
    </p>
   </div>
   <div class='ocr_carea' id='block_1_5' title="bbox 457 1253 1895 1397">
    <p class='ocr_par' dir='ltr' id='par_1_5' title="bbox 457 1253 1895 1397">
     <span class='ocr_line' id='line_1_13' title="bbox 457 1253 1895 1317; baseline -0.003 -14"><span class='ocrx_word' id='word_1_75' title='bbox 457 1256 591 1303; x_wconf 87' lang='lat' dir='ltr'>Satis</span> <span class='ocrx_word' id='word_1_76' title='bbox 632 1270 762 1316; x_wconf 87' lang='lat' dir='ltr'>quae</span> <span class='ocrx_word' id='word_1_77' title='bbox 803 1255 1046 1316; x_wconf 85' lang='lat' dir='ltr'>loquitur.</span> <span class='ocrx_word' id='word_1_78' title='bbox 1092 1256 1184 1303; x_wconf 76' lang='lat' dir='ltr'>CA.</span> <span class='ocrx_word' id='word_1_79' title='bbox 1212 1256 1429 1317; x_wconf 86' lang='lat' dir='ltr'>Propius</span> <span class='ocrx_word' id='word_1_80' title='bbox 1456 1256 1663 1301; x_wconf 88' lang='lat' dir='ltr'>obsecro</span> <span class='ocrx_word' id='word_1_81' title='bbox 1690 1253 1895 1300; x_wconf 89' lang='lat' dir='ltr'>acceda-</span> 
     </span>
     <span class='ocr_line' id='line_1_14' title="bbox 975 1330 1653 1397; baseline -0.001 -21"><span class='ocrx_word' id='word_1_82' title='bbox 975 1344 1108 1386; x_wconf 86' lang='lat' dir='ltr'>mus,</span> <span class='ocrx_word' id='word_1_83' title='bbox 1137 1331 1382 1377; x_wconf 76' lang='lat' dir='ltr'>Sostrata.</span> <span class='ocrx_word' id='word_1_84' title='bbox 1434 1330 1527 1397; x_wconf 53' lang='grc' dir='ltr'>(ἧς.</span> <span class='ocrx_word' id='word_1_85' title='bbox 1553 1330 1653 1385; x_wconf 88' lang='lat' dir='ltr'>Ah,</span> 
     </span>
    </p>
   </div>
   <div class='ocr_carea' id='block_1_6' title="bbox 455 1418 2032 1541">
    <p class='ocr_par' dir='ltr' id='par_1_6' title="bbox 455 1418 2032 1541">
     <span class='ocr_line' id='line_1_15' title="bbox 455 1418 1894 1480; baseline -0.002 -13"><span class='ocrx_word' id='word_1_86' title='bbox 455 1419 536 1467; x_wconf 92' lang='lat' dir='ltr'>Me</span> <span class='ocrx_word' id='word_1_87' title='bbox 571 1420 848 1467; x_wconf 72' lang='lat' dir='ltr'>miserum!</span> <span class='ocrx_word' id='word_1_88' title='bbox 882 1419 972 1466; x_wconf 79' lang='lat' dir='ltr'>vix</span> <span class='ocrx_word' id='word_1_89' title='bbox 1011 1434 1126 1466; x_wconf 92' lang='lat' dir='ltr'>sum</span> <span class='ocrx_word' id='word_1_90' title='bbox 1159 1433 1366 1480; x_wconf 91' lang='lat' dir='ltr'>compos</span> <span class='ocrx_word' id='word_1_91' title='bbox 1407 1419 1594 1474; x_wconf 90' lang='lat' dir='ltr'>animi,</span> <span class='ocrx_word' id='word_1_92' title='bbox 1636 1419 1710 1465; x_wconf 88' lang='lat' dir='ltr'>ita</span> <span class='ocrx_word' id='word_1_93' title='bbox 1743 1418 1894 1464; x_wconf 91' lang='lat' dir='ltr'>ardeo</span> 
     </span>
     <span class='ocr_line' id='line_1_16' title="bbox 1371 1493 2032 1541; baseline 0.005 -3"><span class='ocrx_word' id='word_1_94' title='bbox 1371 1493 1654 1539; x_wconf 80' lang='lat' dir='ltr'>iracundia.</span> <span class='ocrx_word' id='word_1_95' title='bbox 1941 1494 2032 1541; x_wconf 82' lang='lat'>310</span> 
     </span>
    </p>
   </div>
   <div class='ocr_carea' id='block_1_7' title="bbox 455 1577 1896 1709">
    <p class='ocr_par' dir='ltr' id='par_1_7' title="bbox 455 1577 1896 1709">
     <span class='ocr_line' id='line_1_17' title="bbox 455 1577 1896 1640; baseline -0.003 -13"><span class='ocrx_word' id='word_1_96' title='bbox 455 1580 599 1627; x_wconf 91' lang='lat' dir='ltr'>Nihil</span> <span class='ocrx_word' id='word_1_97' title='bbox 624 1583 702 1627; x_wconf 90' lang='lat' dir='ltr'>est</span> <span class='ocrx_word' id='word_1_98' title='bbox 727 1580 863 1640; x_wconf 90' lang='lat' dir='ltr'>quod</span> <span class='ocrx_word' id='word_1_99' title='bbox 888 1579 1065 1625; x_wconf 87' lang='lat' dir='ltr'>malim</span> <span class='ocrx_word' id='word_1_100' title='bbox 1091 1593 1247 1639; x_wconf 87' lang='lat' dir='ltr'>quam</span> <span class='ocrx_word' id='word_1_101' title='bbox 1285 1578 1431 1624; x_wconf 89' lang='lat' dir='ltr'>illam</span> <span class='ocrx_word' id='word_1_102' title='bbox 1457 1581 1618 1624; x_wconf 88' lang='lat' dir='ltr'>totam</span> <span class='ocrx_word' id='word_1_103' title='bbox 1643 1577 1896 1624; x_wconf 86' lang='lat' dir='ltr'>familiam</span> 
     </span>
     <span class='ocr_line' id='line_1_18' title="bbox 1197 1654 1655 1709; baseline 0 -10"><span class='ocrx_word' id='word_1_104' title='bbox 1197 1654 1308 1699; x_wconf 90' lang='lat' dir='ltr'>dari</span> <span class='ocrx_word' id='word_1_105' title='bbox 1334 1654 1405 1699; x_wconf 94' lang='lat' dir='ltr'>mi</span> <span class='ocrx_word' id='word_1_106' title='bbox 1430 1654 1655 1709; x_wconf 89' lang='lat' dir='ltr'>obviam,</span> 
     </span>
    </p>
   </div>
   <div class='ocr_carea' id='block_1_8' title="bbox 457 1742 1897 1878">
    <p class='ocr_par' dir='ltr' id='par_1_8' title="bbox 457 1742 1897 1878">
     <span class='ocr_line' id='line_1_19' title="bbox 457 1742 1897 1804; baseline -0.003 -12"><span class='ocrx_word' id='word_1_107' title='bbox 457 1746 524 1792; x_wconf 90' lang='lat' dir='ltr'>Vt</span> <span class='ocrx_word' id='word_1_108' title='bbox 547 1758 638 1804; x_wconf 84' lang='lat' dir='ltr'>ego</span> <span class='ocrx_word' id='word_1_109' title='bbox 664 1744 796 1790; x_wconf 92' lang='lat' dir='ltr'>hanc</span> <span class='ocrx_word' id='word_1_110' title='bbox 819 1745 949 1790; x_wconf 89' lang='lat' dir='ltr'>iram</span> <span class='ocrx_word' id='word_1_111' title='bbox 972 1744 1026 1789; x_wconf 92' lang='lat' dir='ltr'>in</span> <span class='ocrx_word' id='word_1_112' title='bbox 1052 1757 1137 1789; x_wconf 92' lang='lat' dir='ltr'>eos</span> <span class='ocrx_word' id='word_1_113' title='bbox 1162 1756 1399 1789; x_wconf 83' lang='lat' dir='ltr'>evomam</span> <span class='ocrx_word' id='word_1_114' title='bbox 1422 1755 1643 1798; x_wconf 91' lang='lat' dir='ltr'>omnem,</span> <span class='ocrx_word' id='word_1_115' title='bbox 1668 1742 1792 1788; x_wconf 91' lang='lat' dir='ltr'>dum</span> <span class='ocrx_word' id='word_1_116' title='bbox 1818 1755 1897 1788; x_wconf 90' lang='lat' dir='ltr'>ae-</span> 
     </span>
     <span class='ocr_line' id='line_1_20' title="bbox 963 1818 1639 1878; baseline -0.001 -15"><span class='ocrx_word' id='word_1_117' title='bbox 963 1818 1169 1878; x_wconf 81' lang='lat' dir='ltr'>gritudo</span> <span class='ocrx_word' id='word_1_118' title='bbox 1196 1818 1320 1863; x_wconf 90' lang='lat' dir='ltr'>haec</span> <span class='ocrx_word' id='word_1_119' title='bbox 1348 1820 1426 1863; x_wconf 90' lang='lat' dir='ltr'>est</span> <span class='ocrx_word' id='word_1_120' title='bbox 1450 1830 1639 1863; x_wconf 86' lang='lat' dir='ltr'>recens.</span> 
     </span>
    </p>
   </div>
   <div class='ocr_carea' id='block_1_9' title="bbox 258 1901 1898 2037">
    <p class='ocr_par' dir='ltr' id='par_1_9' title="bbox 258 1901 1898 2037">
     <span class='ocr_line' id='line_1_21' title="bbox 258 1901 1898 1966; baseline -0.002 -15"><span class='ocrx_word' id='word_1_121' title='bbox 258 1909 308 1951; x_wconf 88' lang='lat'>15</span> <span class='ocrx_word' id='word_1_122' title='bbox 460 1903 617 1966; x_wconf 88' lang='lat' dir='ltr'>[Satis</span> <span class='ocrx_word' id='word_1_123' title='bbox 651 1904 778 1950; x_wconf 90' lang='lat' dir='ltr'>mihi</span> <span class='ocrx_word' id='word_1_124' title='bbox 801 1903 853 1949; x_wconf 93' lang='lat' dir='ltr'>id</span> <span class='ocrx_word' id='word_1_125' title='bbox 874 1903 1094 1949; x_wconf 85' lang='lat' dir='ltr'>habeam</span> <span class='ocrx_word' id='word_1_126' title='bbox 1121 1902 1356 1963; x_wconf 84' lang='lat' dir='ltr'>supplici,</span> <span class='ocrx_word' id='word_1_127' title='bbox 1382 1902 1506 1947; x_wconf 93' lang='lat' dir='ltr'>dum</span> <span class='ocrx_word' id='word_1_128' title='bbox 1538 1901 1656 1947; x_wconf 91' lang='lat' dir='ltr'>illos</span> <span class='ocrx_word' id='word_1_129' title='bbox 1681 1902 1898 1948; x_wconf 87' lang='lat' dir='ltr'>ulciscar</span> 
     </span>
     <span class='ocr_line' id='line_1_22' title="bbox 1467 1976 1656 2037; baseline -0.005 -15"><span class='ocrx_word' id='word_1_130' title='bbox 1467 1976 1656 2037; x_wconf 91' lang='lat' dir='ltr'>modo.]</span> 
     </span>
    </p>
   </div>
   <div class='ocr_carea' id='block_1_10' title="bbox 462 2066 1898 2200">
    <p class='ocr_par' dir='ltr' id='par_1_10' title="bbox 462 2066 1898 2200">
     <span class='ocr_line' id='line_1_23' title="bbox 462 2066 1898 2127; baseline -0.001 -13"><span class='ocrx_word' id='word_1_131' title='bbox 462 2067 584 2114; x_wconf 88' lang='lat' dir='ltr'>Seni</span> <span class='ocrx_word' id='word_1_132' title='bbox 624 2067 851 2113; x_wconf 87' lang='lat' dir='ltr'>animam</span> <span class='ocrx_word' id='word_1_133' title='bbox 889 2067 1113 2127; x_wconf 91' lang='lat' dir='ltr'>primum</span> <span class='ocrx_word' id='word_1_134' title='bbox 1138 2066 1486 2126; x_wconf 84' lang='lat' dir='ltr'>extinguerem</span> <span class='ocrx_word' id='word_1_135' title='bbox 1510 2067 1627 2127; x_wconf 89' lang='lat' dir='ltr'>ipsi,</span> <span class='ocrx_word' id='word_1_136' title='bbox 1656 2067 1745 2126; x_wconf 89' lang='lat' dir='ltr'>qui</span> <span class='ocrx_word' id='word_1_137' title='bbox 1769 2066 1898 2112; x_wconf 86' lang='lat' dir='ltr'>illud</span> 
     </span>
     <span class='ocr_line' id='line_1_24' title="bbox 1190 2140 1657 2200; baseline 0 -14"><span class='ocrx_word' id='word_1_138' title='bbox 1190 2140 1434 2200; x_wconf 86' lang='lat' dir='ltr'>produxit</span> <span class='ocrx_word' id='word_1_139' title='bbox 1459 2141 1623 2187; x_wconf 91' lang='lat' dir='ltr'>scelus</span> <span class='ocrx_word' id='word_1_140' title='bbox 1642 2154 1657 2199; x_wconf 80' lang='lat'>3</span> 
     </span>
    </p>
   </div>
   <div class='ocr_carea' id='block_1_11' title="bbox 464 2227 2036 2352">
    <p class='ocr_par' dir='ltr' id='par_1_11' title="bbox 464 2227 2036 2352">
     <span class='ocr_line' id='line_1_25' title="bbox 464 2227 1898 2289; baseline -0.001 -14"><span class='ocrx_word' id='word_1_141' title='bbox 464 2228 597 2275; x_wconf 89' lang='lat' dir='ltr'>Tum</span> <span class='ocrx_word' id='word_1_142' title='bbox 619 2231 790 2275; x_wconf 91' lang='lat' dir='ltr'>autem</span> <span class='ocrx_word' id='word_1_143' title='bbox 816 2229 1003 2288; x_wconf 88' lang='lat' dir='ltr'>Syrum</span> <span class='ocrx_word' id='word_1_144' title='bbox 1027 2227 1359 2289; x_wconf 89' lang='lat' dir='ltr'>inpulsorem‚</span> <span class='ocrx_word' id='word_1_145' title='bbox 1390 2228 1506 2284; x_wconf 87' lang='lat' dir='ltr'>vah,</span> <span class='ocrx_word' id='word_1_146' title='bbox 1541 2228 1729 2288; x_wconf 87' lang='lat' dir='ltr'>quibus</span> <span class='ocrx_word' id='word_1_147' title='bbox 1750 2228 1898 2275; x_wconf 91' lang='lat' dir='ltr'>illum</span> 
     </span>
     <span class='ocr_line' id='line_1_26' title="bbox 1156 2300 2036 2352; baseline 0.006 -5"><span class='ocrx_word' id='word_1_148' title='bbox 1156 2300 1435 2347; x_wconf 89' lang='lat' dir='ltr'>lacerarem</span> <span class='ocrx_word' id='word_1_149' title='bbox 1461 2302 1625 2348; x_wconf 91' lang='lat' dir='ltr'>modis</span> <span class='ocrx_word' id='word_1_150' title='bbox 1647 2302 1657 2348; x_wconf 79' lang='lat' dir='ltr'>l</span> <span class='ocrx_word' id='word_1_151' title='bbox 1946 2305 2036 2352; x_wconf 78' lang='lat'>315</span> 
     </span>
    </p>
   </div>
   <div class='ocr_carea' id='block_1_12' title="bbox 463 2390 1895 2524">
    <p class='ocr_par' dir='ltr' id='par_1_12' title="bbox 463 2390 1895 2524">
     <span class='ocr_line' id='line_1_27' title="bbox 463 2390 1895 2453; baseline 0.001 -16"><span class='ocrx_word' id='word_1_152' title='bbox 463 2391 748 2438; x_wconf 87' lang='lat' dir='ltr'>Sublimem</span> <span class='ocrx_word' id='word_1_153' title='bbox 782 2390 1007 2437; x_wconf 89' lang='lat' dir='ltr'>medium</span> <span class='ocrx_word' id='word_1_154' title='bbox 1034 2390 1258 2451; x_wconf 91' lang='lat' dir='ltr'>primum</span> <span class='ocrx_word' id='word_1_155' title='bbox 1284 2392 1556 2451; x_wconf 88' lang='lat' dir='ltr'>arriperem</span> <span class='ocrx_word' id='word_1_156' title='bbox 1584 2394 1631 2438; x_wconf 89' lang='lat' dir='ltr'>et</span> <span class='ocrx_word' id='word_1_157' title='bbox 1657 2392 1895 2453; x_wconf 45' lang='lat' dir='ltr'>capite—in</span> 
     </span>
     <span class='ocr_line' id='line_1_28' title="bbox 1155 2469 1660 2524; baseline 0.004 -13"><span class='ocrx_word' id='word_1_158' title='bbox 1155 2469 1341 2512; x_wconf 88' lang='lat' dir='ltr'>terram</span> <span class='ocrx_word' id='word_1_159' title='bbox 1365 2470 1660 2524; x_wconf 89' lang='lat' dir='ltr'>statuerem,</span> 
     </span>
    </p>
   </div>
   <div class='ocr_carea' id='block_1_13' title="bbox 844 2552 1599 2614">
    <p class='ocr_par' dir='ltr' id='par_1_13' title="bbox 844 2552 1599 2614">
     <span class='ocr_line' id='line_1_29' title="bbox 844 2552 1599 2614; baseline 0 -15"><span class='ocrx_word' id='word_1_160' title='bbox 844 2553 911 2600; x_wconf 90' lang='lat' dir='ltr'>Vt</span> <span class='ocrx_word' id='word_1_161' title='bbox 936 2553 1138 2599; x_wconf 86' lang='lat' dir='ltr'>cerebro</span> <span class='ocrx_word' id='word_1_162' title='bbox 1165 2552 1423 2614; x_wconf 83' lang='lat' dir='ltr'>dispergat</span> <span class='ocrx_word' id='word_1_163' title='bbox 1445 2555 1599 2600; x_wconf 87' lang='lat' dir='ltr'>viam.</span> 
     </span>
    </p>
   </div>
   <div class='ocr_carea' id='block_1_14' title="bbox 248 2641 1901 2776">
    <p class='ocr_par' dir='ltr' id='par_1_14' title="bbox 248 2641 1901 2776">
     <span class='ocr_line' id='line_1_30' title="bbox 248 2641 1901 2704; baseline 0.002 -18"><span class='ocrx_word' id='word_1_164' title='bbox 248 2645 315 2687; x_wconf 78' lang='lat' dir='ltr'>·2o</span> <span class='ocrx_word' id='word_1_165' title='bbox 469 2642 799 2689; x_wconf 78' lang='lat' dir='ltr'>Adulescenti</span> <span class='ocrx_word' id='word_1_166' title='bbox 822 2642 922 2702; x_wconf 92' lang='lat' dir='ltr'>ipsi</span> <span class='ocrx_word' id='word_1_167' title='bbox 943 2642 1188 2703; x_wconf 90' lang='lat' dir='ltr'>eriperem</span> <span class='ocrx_word' id='word_1_168' title='bbox 1210 2641 1401 2698; x_wconf 79' lang='lat' dir='ltr'>ocuIOS,</span> <span class='ocrx_word' id='word_1_169' title='bbox 1443 2646 1559 2702; x_wconf 89' lang='lat' dir='ltr'>post</span> <span class='ocrx_word' id='word_1_170' title='bbox 1599 2643 1723 2690; x_wconf 90' lang='lat' dir='ltr'>haec</span> <span class='ocrx_word' id='word_1_171' title='bbox 1748 2656 1901 2704; x_wconf 89' lang='lat' dir='ltr'>prae-</span> 
     </span>
     <span class='ocr_line' id='line_1_31' title="bbox 1232 2716 1657 2776; baseline 0.005 -15"><span class='ocrx_word' id='word_1_172' title='bbox 1232 2716 1438 2776; x_wconf 90' lang='lat' dir='ltr'>cipitem</span> <span class='ocrx_word' id='word_1_173' title='bbox 1466 2717 1657 2763; x_wconf 88' lang='lat' dir='ltr'>darem.</span> 
     </span>
    </p>
   </div>
   <div class='ocr_carea' id='block_1_15' title="bbox 464 2808 1901 2930">
    <p class='ocr_par' dir='ltr' id='par_1_15' title="bbox 464 2808 1901 2930">
     <span class='ocr_line' id='line_1_32' title="bbox 464 2808 1901 2869; baseline 0 -14"><span class='ocrx_word' id='word_1_174' title='bbox 464 2808 667 2855; x_wconf 84' lang='lat' dir='ltr'>Ceteros</span> <span class='ocrx_word' id='word_1_175' title='bbox 682 2821 896 2865; x_wconf 88' lang='lat' dir='ltr'>ruerem,</span> <span class='ocrx_word' id='word_1_176' title='bbox 908 2821 1127 2868; x_wconf 84' lang='lat' dir='ltr'>agerem,</span> <span class='ocrx_word' id='word_1_177' title='bbox 1148 2821 1393 2869; x_wconf 90' lang='lat' dir='ltr'>raperem,</span> <span class='ocrx_word' id='word_1_178' title='bbox 1414 2808 1678 2855; x_wconf 89' lang='lat' dir='ltr'>tunderem</span> <span class='ocrx_word' id='word_1_179' title='bbox 1697 2810 1746 2854; x_wconf 91' lang='lat' dir='ltr'>et</span> <span class='ocrx_word' id='word_1_180' title='bbox 1762 2821 1901 2869; x_wconf 89' lang='lat' dir='ltr'>pros-</span> 
     </span>
     <span class='ocr_line' id='line_1_33' title="bbox 1388 2885 1660 2930; baseline -0.004 -1"><span class='ocrx_word' id='word_1_181' title='bbox 1388 2885 1660 2930; x_wconf 87' lang='lat' dir='ltr'>ternerem.</span> 
     </span>
    </p>
   </div>
   <div class='ocr_carea' id='block_1_16' title="bbox 475 2966 2040 3097">
    <p class='ocr_par' dir='ltr' id='par_1_16' title="bbox 475 2966 2040 3097">
     <span class='ocr_line' id='line_1_34' title="bbox 475 2966 1899 3028; baseline -0.003 -13"><span class='ocrx_word' id='word_1_182' title='bbox 475 2968 574 3016; x_wconf 90' lang='lat' dir='ltr'>Sed</span> <span class='ocrx_word' id='word_1_183' title='bbox 614 2979 755 3014; x_wconf 86' lang='lat' dir='ltr'>cesso</span> <span class='ocrx_word' id='word_1_184' title='bbox 796 2980 934 3014; x_wconf 88' lang='lat' dir='ltr'>eram</span> <span class='ocrx_word' id='word_1_185' title='bbox 967 2967 1063 3013; x_wconf 92' lang='lat' dir='ltr'>hoc</span> <span class='ocrx_word' id='word_1_186' title='bbox 1099 2966 1235 3013; x_wconf 91' lang='lat' dir='ltr'>malo</span> <span class='ocrx_word' id='word_1_187' title='bbox 1271 2967 1501 3028; x_wconf 68' lang='lat' dir='ltr'>inpertit-i</span> <span class='ocrx_word' id='word_1_188' title='bbox 1525 2980 1751 3028; x_wconf 90' lang='lat' dir='ltr'>propere.</span> <span class='ocrx_word' id='word_1_189' title='bbox 1817 2967 1899 3015; x_wconf 85' lang='lat' dir='ltr'>So.</span> 
     </span>
     <span class='ocr_line' id='line_1_35' title="bbox 826 3033 2040 3097; baseline -0.006 -10"><span class='ocrx_word' id='word_1_190' title='bbox 826 3042 1158 3087; x_wconf 87' lang='lat' dir='ltr'>Revocemus.</span> <span class='ocrx_word' id='word_1_191' title='bbox 1208 3041 1365 3087; x_wconf 74' lang='lat' dir='ltr'>Geta!</span> <span class='ocrx_word' id='word_1_192' title='bbox 1393 3041 1486 3088; x_wconf 72' lang='lat' dir='ltr'>GE.</span> <span class='ocrx_word' id='word_1_193' title='bbox 1515 3042 1664 3097; x_wconf 89' lang='lat' dir='ltr'>Hem,</span> <span class='ocrx_word' id='word_1_194' title='bbox 1950 3033 2040 3080; x_wconf 76' lang='lat'>320</span> 
     </span>
    </p>
   </div>
   <div class='ocr_carea' id='block_1_17' title="bbox 474 3126 1900 3261">
    <p class='ocr_par' dir='ltr' id='par_1_17' title="bbox 474 3126 1900 3261">
     <span class='ocr_line' id='line_1_36' title="bbox 474 3126 1900 3188; baseline -0.002 -14"><span class='ocrx_word' id='word_1_195' title='bbox 474 3128 719 3188; x_wconf 86' lang='lat' dir='ltr'>Quisquis</span> <span class='ocrx_word' id='word_1_196' title='bbox 752 3140 822 3184; x_wconf 75' lang='lat' dir='ltr'>ee,</span> <span class='ocrx_word' id='word_1_197' title='bbox 844 3127 952 3173; x_wconf 92' lang='lat' dir='ltr'>sine</span> <span class='ocrx_word' id='word_1_198' title='bbox 995 3140 1090 3172; x_wconf 91' lang='lat' dir='ltr'>me.</span> <span class='ocrx_word' id='word_1_199' title='bbox 1134 3127 1215 3172; x_wconf 90' lang='lat' dir='ltr'>So.</span> <span class='ocrx_word' id='word_1_200' title='bbox 1242 3126 1350 3186; x_wconf 82' lang='lat' dir='ltr'>Ego</span> <span class='ocrx_word' id='word_1_201' title='bbox 1376 3139 1491 3173; x_wconf 89' lang='lat' dir='ltr'>sum</span> <span class='ocrx_word' id='word_1_202' title='bbox 1516 3127 1761 3174; x_wconf 87' lang='lat' dir='ltr'>Sostrata.</span> <span class='ocrx_word' id='word_1_203' title='bbox 1806 3127 1900 3174; x_wconf 66' lang='lat' dir='ltr'>Gn.</span> 
     </span>
     <span class='ocr_line' id='line_1_37' title="bbox 809 3199 1665 3261; baseline 0.001 -15"><span class='ocrx_word' id='word_1_204' title='bbox 809 3201 907 3247; x_wconf 88' lang='lat' dir='ltr'>Vbi</span> <span class='ocrx_word' id='word_1_205' title='bbox 934 3214 992 3246; x_wconf 86' lang='lat' dir='ltr'>ea</span> <span class='ocrx_word' id='word_1_206' title='bbox 1014 3199 1131 3246; x_wconf 79' lang='lat' dir='ltr'>est?</span> <span class='ocrx_word' id='word_1_207' title='bbox 1157 3202 1204 3245; x_wconf 87' lang='lat' dir='ltr'>te</span> <span class='ocrx_word' id='word_1_208' title='bbox 1229 3199 1395 3259; x_wconf 86' lang='lat' dir='ltr'>ipsam</span> <span class='ocrx_word' id='word_1_209' title='bbox 1417 3201 1665 3261; x_wconf 86' lang='lat' dir='ltr'>quaeritO.</span> 
     </span>
    </p>
   </div>
   <div class='ocr_carea' id='block_1_18' title="bbox 354 3284 1906 3405">
    <p class='ocr_par' dir='ltr' id='par_1_18' title="bbox 354 3284 1906 3405">
     <span class='ocr_line' id='line_1_38' title="bbox 354 3284 1906 3346; baseline -0.002 -13"><span class='ocrx_word' id='word_1_210' title='bbox 354 3288 436 3334; x_wconf 93' lang='lat' dir='ltr'>So.</span> <span class='ocrx_word' id='word_1_211' title='bbox 472 3285 543 3332; x_wconf 89' lang='lat' dir='ltr'>Te</span> <span class='ocrx_word' id='word_1_212' title='bbox 583 3287 819 3346; x_wconf 85' lang='lat' dir='ltr'>exspecto</span> <span class='ocrx_word' id='word_1_213' title='bbox 852 3298 867 3343; x_wconf 87' lang='lat'>;</span> <span class='ocrx_word' id='word_1_214' title='bbox 909 3284 1096 3345; x_wconf 84' lang='lat' dir='ltr'>oppido</span> <span class='ocrx_word' id='word_1_215' title='bbox 1137 3285 1420 3344; x_wconf 87' lang='lat' dir='ltr'>opportune</span> <span class='ocrx_word' id='word_1_216' title='bbox 1461 3287 1509 3331; x_wconf 90' lang='lat' dir='ltr'>te</span> <span class='ocrx_word' id='word_1_217' title='bbox 1556 3284 1789 3331; x_wconf 87' lang='lat' dir='ltr'>obtulisti</span> <span class='ocrx_word' id='word_1_218' title='bbox 1835 3285 1906 3330; x_wconf 91' lang='lat' dir='ltr'>mi</span> 
     </span>
     <span class='ocr_line' id='line_1_39' title="bbox 1442 3359 1664 3405; baseline -0.005 0"><span class='ocrx_word' id='word_1_219' title='bbox 1442 3359 1664 3405; x_wconf 87' lang='lat' dir='ltr'>obviam.</span> 
     </span>
    </p>
   </div>
   <div class='ocr_carea' id='block_1_19' title="bbox 267 3443 1902 3578">
    <p class='ocr_par' dir='ltr' id='par_1_19' title="bbox 267 3443 1902 3578">
     <span class='ocr_line' id='line_1_40' title="bbox 267 3443 1902 3506; baseline -0.004 -10"><span class='ocrx_word' id='word_1_220' title='bbox 267 3449 321 3491; x_wconf 81' lang='grc'>25</span> <span class='ocrx_word' id='word_1_221' title='bbox 356 3449 450 3496; x_wconf 79' lang='lat' dir='ltr'>GE.</span> <span class='ocrx_word' id='word_1_222' title='bbox 485 3449 666 3495; x_wconf 85' lang='lat' dir='ltr'>Era...</span> <span class='ocrx_word' id='word_1_223' title='bbox 692 3448 773 3495; x_wconf 91' lang='lat' dir='ltr'>So.</span> <span class='ocrx_word' id='word_1_224' title='bbox 801 3447 932 3502; x_wconf 91' lang='lat' dir='ltr'>Quid</span> <span class='ocrx_word' id='word_1_225' title='bbox 947 3448 1023 3492; x_wconf 88' lang='lat' dir='ltr'>est</span> <span class='ocrx_word' id='word_1_226' title='bbox 1043 3445 1066 3491; x_wconf 78' lang='lat'><strong>?</strong></span> <span class='ocrx_word' id='word_1_227' title='bbox 1084 3445 1207 3505; x_wconf 80' lang='lat' dir='ltr'>quid</span> <span class='ocrx_word' id='word_1_228' title='bbox 1222 3446 1442 3506; x_wconf 86' lang='lat' dir='ltr'>trepidas</span> <span class='ocrx_word' id='word_1_229' title='bbox 1460 3445 1483 3492; x_wconf 78' lang='lat'><strong>?</strong></span> <span class='ocrx_word' id='word_1_230' title='bbox 1529 3446 1624 3491; x_wconf 70' lang='lat' dir='ltr'>GE.</span> <span class='ocrx_word' id='word_1_231' title='bbox 1668 3444 1727 3490; x_wconf 88' lang='lat' dir='ltr'>Ei</span> <span class='ocrx_word' id='word_1_232' title='bbox 1749 3443 1902 3490; x_wconf 75' lang='lat' dir='ltr'>mihil</span> 
     </span>
     <span class='ocr_line' id='line_1_41' title="bbox 868 3518 1670 3578; baseline -0.006 -9"><span class='ocrx_word' id='word_1_233' title='bbox 868 3521 960 3569; x_wconf 73' lang='lat' dir='ltr'>CA.</span> <span class='ocrx_word' id='word_1_234' title='bbox 989 3519 1119 3575; x_wconf 88' lang='lat' dir='ltr'>Quid</span> <span class='ocrx_word' id='word_1_235' title='bbox 1147 3520 1377 3578; x_wconf 83' lang='lat' dir='ltr'>festinaS,</span> <span class='ocrx_word' id='word_1_236' title='bbox 1405 3520 1476 3566; x_wconf 90' lang='lat' dir='ltr'>mi</span> <span class='ocrx_word' id='word_1_237' title='bbox 1500 3520 1630 3566; x_wconf 83' lang='lat' dir='ltr'>Geta</span> <span class='ocrx_word' id='word_1_238' title='bbox 1647 3518 1670 3565; x_wconf 80' lang='lat'><strong>?</strong></span> 
     </span>
    </p>
   </div>
  </div>
 </body>
</html>
