2332 3814
358 198 434 248 1v,
453 199 494 250 2,
516 199 567 240 37
595 221 646 230 —
674 199 714 252 3,
737 199 762 240 4
1105 162 1170 173 -
1206 150 1306 186 ³⁸³
1343 165 1406 174 —
1793 207 1806 209 ⁷·
1903 206 1982 249 576
2004 207 2154 250 -595

613 311 707 357 Est
747 311 814 357 ad
846 311 981 358 hanc
1022 325 1235 358 manum
1276 314 1563 362 sacellum:
1603 316 1677 363 ibi
1717 318 2043 379 angiportum

1480 393 1686 451 propter
1709 396 1803 448 est,

495 475 592 521 DE.
617 476 761 530 Quod
787 490 907 522 nam
928 476 951 521 ⁶?
1012 476 1097 522 SY.
1140 475 1224 522 Illi
1262 477 1352 523 ubi
1385 479 1539 525 etiam
1563 481 1829 540 caprificus
1854 496 2043 543 magna
2069 487 2071 490 “

842 553 934 596 est.
1000 551 1098 596 DE.
1125 551 1276 598 Novi.
1341 552 1428 598 ΞΥ.
1456 554 1566 599 Hac
1590 555 1804 614 pergito.

495 633 591 680 DE.
617 634 675 680 Id
693 635 898 695 quidem
917 637 1244 696 angiportum
1263 651 1366 683 non
1384 640 1462 684 est
1474 640 1723 699 pervium.
1751 642 1838 688 SY.
1857 643 2045 690 Verum

1462 711 1646 760 hercle.
1672 713 1804 769 Vah,

366 796 418 838 40
612 791 812 838 Censen
851 792 1112 840 hominem
1149 807 1230 839 me
1270 794 1421 841 esse?
1462 796 1658 842 erravi:
1699 797 1753 841 in
1785 797 2043 857 porticum

1432 883 1635 916 rursum
1661 871 1767 916 redi
1790 884 1805 929 3

612 957 744 1004 Sane
785 959 880 1006 hac
920 959 1083 1007 multo
1115 962 1325 1021 propius
1349 961 1448 1006 ibis
1475 964 1524 1006 et
1548 962 1714 1006 minor
1739 964 1815 1007 est
1837 963 2040 1009 erratio.
2060 959 2151 1006 580

612 1050 730 1095 Scin
771 1050 970 1096 Cratini
1009 1051 1165 1110 hujus
1204 1052 1324 1096 ditis
1368 1051 1546 1097 aedis?
1608 1051 1703 1098 DE.
1754 1052 1883 1098 Scio.
1949 1052 2035 1098 SY.

1232 1126 1330 1172 Vbi
1354 1139 1439 1171 eas
1461 1125 1799 1184 praeterieris,

611 1215 691 1260 Ad
716 1216 977 1262 sinistram
1004 1217 1100 1262 hac
1126 1220 1260 1262 recta
1285 1216 1454 1277 platea
1477 1231 1492 1275 3
1519 1218 1608 1263 ubi
1635 1218 1700 1263 ad
1725 1218 1922 1264 Dianae
1948 1232 2040 1265 ve·-

1650 1293 1802 1348 neris,

611 1375 689 1421 Ito
723 1376 788 1421 ad
825 1377 1057 1423 dextram
1076 1391 1090 1435 3
1134 1379 1277 1438 prius
1314 1393 1470 1438 quam
1511 1379 1575 1424 ad
1615 1382 1817 1439 portam
1845 1380 2040 1436 venias,

1283 1453 1422 1513 apud
1442 1454 1614 1513 ipsum
1634 1453 1804 1500 lacum

365 1540 417 1580 45
610 1532 704 1578 Est
729 1534 949 1593 pistrilla
974 1538 1024 1580 et
1048 1535 1388 1582 exadvorsum
1410 1535 1603 1581 fabrica
1624 1548 1634 1581 ε
1674 1535 1747 1581 ibi
1773 1539 1863 1581 est.
1931 1535 2032 1583 DE.

1393 1610 1524 1664 Quid
1545 1610 1618 1655 ibi
1641 1610 1766 1655 facit
1783 1610 1805 1655 ⁶?

497 1695 584 1741 SY.
624 1696 863 1744 Lectulos
889 1699 942 1744 in
969 1699 1073 1745 sole
1095 1699 1268 1759 ilignis
1292 1699 1508 1760 pedibus
1532 1700 1800 1746 faciundos
1826 1699 1979 1745 dedit.
2019 1689 2021 1691 ¹
2060 1697 2151 1744 585

412 1839 422 1847 x
494 1784 591 1830 DE.
621 1786 720 1831 Vbi
744 1788 931 1847 potetis
957 1802 1049 1834 vos
1071 1802 1081 1834 :
1110 1789 1237 1835 bene
1264 1789 1409 1835 sane!
1435 1789 1523 1835 sed
1548 1803 1685 1835 cesso
1712 1789 1775 1834 ad
1802 1802 1919 1834 eum
1938 1802 2044 1848 per-

1649 1877 1764 1923 gere
1782 1863 1805 1909 ⁶?

496 1948 582 1996 SY.
609 1949 633 1996 Ι
674 1965 829 1999 sane:
869 1967 961 2013 ego
1003 1956 1051 2000 te
1089 1955 1329 2001 exercebo
1362 1955 1529 2012 hodie,
1556 1957 1613 2001 ut
1636 1955 1822 2014 dignus
1848 1968 1918 2012 es,
1944 1954 2044 2000 sili-

1559 2043 1802 2076 cermum.

613 2116 899 2163 Aeschinus
925 2116 1096 2163 odiose
1123 2119 1286 2163 cessat
1301 2130 1318 2175 3
1367 2117 1642 2177 prandium
1668 2117 2010 2177 corrumpitur
2025 2132 2045 2173 ,-

365 2218 418 2260 50
613 2205 858 2274 Ctesipho
882 2208 1054 2252 autem
1079 2206 1133 2252 in
1155 2219 1326 2252 amore
1348 2209 1424 2252 est
1450 2209 1585 2252 totus
1613 2219 1622 2252 ε
1653 2220 1744 2275 ego
1765 2207 1874 2266 jam
1895 2192 2046 2316 pro}-

717 2274 722 2276 “
1385 2277 1621 2340 ὒ1)101ειῐ]0
1649 2282 1775 2326 mihi
1797 2294 1807 2327 :

616 2371 751 2417 Nam
787 2372 897 2431 Jam
934 2372 1086 2418 abibo
1113 2375 1266 2432 atque
1290 2386 1452 2418 unum
1477 2373 1737 2432 quicquid,
1767 2373 1905 2433 quod
1929 2374 2049 2433 qui-

1175 2446 1288 2492 dem
1315 2447 1409 2492 erit
1433 2446 1806 2503 bellissumum,
2062 2446 2152 2508 590

623 2533 847 2594 Carpam
886 2536 935 2580 et
977 2534 1191 2593 cyathos
1215 2533 1468 2581 sorbilans
1492 2535 1744 2595 paulatim
1767 2535 1903 2582 hunc
1926 2517 2048 2597 p⁸ro—

1450 2609 1633 2655 ducam
1657 2610 1807 2657 diem.

1021 2759 1243 2809 MICIO
1291 2759 1522 2810 HEGIO

1155 2854 1386 2903 SENEsu

353 2981 479 3037 1v‚3
505 2976 597 3024 M1.
663 2978 770 3037 Ego
796 2977 848 3023 in
875 2977 970 3024 hac
992 2991 1045 3024 re
1074 2977 1204 3023 nihil
1229 2977 1443 3038 reperio,
1472 2990 1626 3036 quam
1653 2976 1716 3023 ob
1742 2990 1847 3023 rem
1870 2976 2048 3024 lauder

1250 3053 1395 3098 tanto
1421 3063 1588 3110 opere,
1614 3051 1776 3110 Hegio
1798 3064 1807 3097 :

614 3135 786 3180 Meum
809 3135 1037 3181 officium
1064 3134 1229 3192 faci03
1273 3134 1409 3195 quod
1432 3137 1695 3194 peccatum
1722 3149 1751 3180 a
1787 3135 1936 3182 nobis
1962 3148 2049 3182 or-

1353 3211 1463 3254 tum
1492 3212 1567 3255 est
1599 3209 1808 3269 corrigo.

613 3293 726 3338 Nisi
754 3294 797 3339 si
822 3308 902 3340 me
927 3295 981 3339 in
1009 3294 1098 3341 illo
1118 3294 1376 3341 credidisti
1398 3307 1506 3339 esse
1532 3294 1798 3340 hominum
1817 3307 2045 3356 numero,

1400 3369 1488 3427 qui
1512 3369 1585 3414 ita
1609 3370 1812 3428 putant,

613 3454 719 3499 Sibi
744 3455 851 3500 fieri
875 3455 1114 3514 injuriam
1141 3455 1275 3501 ultro
1301 3455 1360 3511 si,
1381 3468 1536 3514 quam
1550 3455 1708 3501 fecere
1732 3455 1847 3514 ipsi,
1872 3468 2046 3516 expos-

1659 3527 1808 3586 tules,
2060 3531 2151 3578 590
