2332 3814
357 242 431 309 ιη’,
457 257 496 308 2,
518 251 570 297 26
593 279 644 287 -
665 251 718 297 46
1113 220 1176 230 —
1215 203 1281 242 xx
1315 220 1381 229 —
1812 251 1827 265 ²
1897 252 1976 295 324
1995 274 2047 288 -
2069 251 2147 296 344

564 366 804 412 Animam
823 366 1002 425 recipe.
1032 365 1124 411 GE.
1149 366 1385 411 Prorsus.
1406 402 1415 411 .
1450 365 1532 411 So.
1555 363 1688 419 Quid
1707 364 1840 409 istuc
1858 365 2011 422 ‘pror-

941 438 1044 483 sus'
1069 452 1186 497 ergo
1215 442 1291 484 est
1316 438 1340 484 ?
1385 438 1478 484 GE.
1506 438 1769 497 periimus,

565 527 750 572 Actum
771 529 862 573 est.
910 527 991 572 So.
1019 526 1287 585 Eloquere,
1316 527 1523 571 obsecro
1549 528 1612 581 te,
1639 525 1763 584 quid
1789 524 1894 571 sit?
1915 525 2008 572 GE·

914 600 1052 646 Jam.
1073 637 1112 646 ..
1147 600 1227 646 So.
1266 600 1399 654 Quid
1426 598 1576 659 ‘Jam'‚
1604 599 1733 645 Geta
1751 598 1774 644 ‘?
2057 587 2149 634 325

447 687 539 732 GE.
563 685 867 732 Aeschinus,
889 723 897 732 .
918 723 927 733 .
957 686 1039 732 So.
1066 686 1200 740 Quid
1225 687 1269 731 is
1295 699 1412 745 ergo
1430 685 1453 731 ⁶?
1476 686 1569 732 GE.
1597 685 1794 731 alienus
1832 689 1910 731 est
1945 685 2010 731 ab

1037 762 1213 806 nostra
1239 761 1453 806 familia.
1505 760 1586 806 So.
1616 760 1788 816 Hem,-

565 847 714 893 Perii.
750 848 862 903 Qua
886 861 938 894 re
959 847 982 894 ⁶?
1011 848 1104 895 GE.
1134 848 1320 895 Amare
1346 849 1539 909 occepit
1577 848 1750 894 aliam.
1792 849 1874 894 So.
1903 849 2006 896 Vae

1370 924 1584 969 miserae
1611 923 1768 970 mihil

367 1007 419 1048 30
451 1011 543 1056 GE.
577 1009 755 1070 Neque
768 1010 820 1056 id
837 1011 1030 1058 occulte
1049 1013 1162 1069 fert,
1176 1013 1240 1058 ab
1257 1012 1436 1059 lenone
1453 1013 1597 1073 ipsus
1613 1013 1799 1073 eripuit
1815 1012 2004 1073 palam.

449 1094 532 1140 So.
567 1093 768 1140 Satisne
792 1095 888 1142 hoc
912 1099 1106 1142 certum
1131 1099 1206 1142 est
1223 1095 1246 1141 ‘?
1270 1096 1362 1143 GE.
1402 1096 1611 1143 Certum
1636 1109 1645 1142 :
1675 1097 1814 1143 hisce
1839 1096 2001 1144 oculis

886 1173 1084 1229 egomet
1108 1170 1232 1227 vidi,
1261 1170 1507 1216 Sostrata.
1559 1170 1640 1217 So.
1668 1170 1766 1227 Ah,

567 1253 649 1300 Me
688 1254 927 1301 miseram
948 1255 958 1300 1
987 1255 1110 1314 quid
1144 1255 1254 1314 jam
1276 1256 1450 1302 credas
1468 1255 1491 1300 ⁶?
1516 1258 1607 1302 aut
1631 1256 1753 1316 quoi
1780 1256 1956 1302 credas
1981 1255 2004 1302 ⁶?

1089 1332 1392 1377 nostrumne
1415 1330 1732 1376 Aeschinum
1752 1365 1764 1387 ,
2054 1330 2144 1377 330

566 1415 809 1462 Nostram
833 1416 994 1462 vitam
1019 1417 1252 1463 omnium
1273 1417 1327 1464 in
1352 1431 1453 1477 quo
1479 1420 1682 1464 nostrae
1708 1431 1824 1478 spes
1847 1432 2000 1479 opes-
2058 1439 2060 1441 ·

1317 1505 1415 1551 que
1441 1504 1617 1538 omnes
1640 1492 1767 1538 sitae

564 1579 756 1627 Erant!
795 1580 885 1639 qui
917 1580 1026 1627 sine
1066 1581 1162 1627 hac
1193 1582 1403 1641 Jurabat
1429 1595 1481 1628 se
1525 1596 1688 1628 unum
1717 1595 2004 1642 numquam

1312 1656 1571 1702 victurum
1597 1657 1732 1702 diem
1755 1657 1765 1703 1

363 1743 415 1784 35
565 1741 662 1796 Qui
702 1755 754 1788 se
789 1743 843 1788 in
887 1744 968 1790 sui
1007 1744 1197 1803 gremio
1237 1745 1528 1804 positurum
1559 1758 1776 1805 puerum
1802 1744 2003 1791 dicebat

1571 1819 1731 1879 patris
1753 1819 1762 1865 1

564 1900 643 1946 Ita
661 1901 1063 1960 obsecraturum,
1083 1907 1142 1949 ut
1153 1903 1326 1950 liceret
1343 1905 1475 1951 hanc
1495 1918 1548 1951 se
1566 1919 1777 1953 uxorem
1796 1906 1995 1954 ducere!

446 1989 539 2035 GE.
573 1990 690 2048 Era,
725 1990 981 2038 lacrumas
1011 1993 1156 2039 mitte
1182 2006 1239 2039 ac
1264 1994 1437 2054 potius
1461 1995 1598 2054 quod
1631 1995 1695 2040 ad
1721 1996 1854 2042 hanc
1895 2010 2002 2043 rem

1070 2081 1199 2127 opus
1226 2070 1303 2114 est
1327 2082 1478 2128 porro
1503 2073 1761 2131 prospice:
2049 2073 2141 2120 335

563 2154 894 2202 Patiamurne
927 2170 994 2202 an
1034 2170 1300 2203 narremus
1341 2158 1643 2218 quoipiam?
1680 2158 1771 2205 CA.
1800 2159 1882 2206 Au
1914 2173 1998 2218 au,

1182 2231 1254 2277 mi
1278 2232 1449 2287 hom0‚
1478 2245 1644 2278 sanun
1671 2246 1724 2279 es
1741 2233 1764 2279 ⁶?

563 2314 645 2361 An
667 2315 762 2363 hoc
787 2317 1147 2376 proferendum
1173 2318 1267 2364 tibi
1292 2318 1496 2364 videtur
1521 2333 1741 2379 usquam
1762 2320 1786 2366 ?
1811 2320 1904 2381 Gir.
1928 2321 2001 2368 Mi

1189 2392 1426 2452 equidem
1449 2407 1552 2443 non
1576 2393 1758 2454 placet.

361 2478 413 2521 40
563 2477 682 2525 Jam
707 2480 931 2540 primum
955 2481 1105 2527 illum
1130 2481 1295 2528 alieno
1321 2482 1492 2528 animo
1518 2496 1548 2528 a
1586 2483 1734 2529 nobis
1771 2497 1879 2530 esse
1918 2497 1999 2530 res

1406 2557 1519 2616 ipsa
1552 2557 1758 2603 indicat.

564 2641 713 2690 Nunc
753 2642 795 2688 si
832 2642 927 2689 hoc
963 2644 1135 2705 palam
1167 2643 1490 2704 proferimus,
1531 2644 1618 2691 ille
1657 2645 1850 2695 infitias
1881 2645 1994 2703 ibit,

1516 2722 1597 2765 sat
1623 2720 1724 2765 scio
1745 2733 1756 2767 ε

572 2803 683 2849 Tua
705 2803 845 2849 fama
868 2806 916 2850 et
942 2806 1126 2863 gnatae
1147 2804 1253 2851 vita
1276 2804 1331 2851 in
1356 2804 1570 2851 dubium
1588 2806 1771 2852 veniet.
1797 2806 1929 2854 Tum
1955 2806 1998 2853 si

1519 2892 1760 2926 maxume
2043 2875 2134 2923 340

575 2961 844 3020 Fateatur,
880 2977 1033 3024 quom
1067 2967 1203 3012 amet
1234 2963 1414 3022 aliam,
1453 2978 1556 3013 non
1596 2969 1672 3012 est
1704 2966 1829 3014 utile
1863 2966 1996 3014 hanc

1523 3040 1600 3086 illi
1621 3041 1750 3089 dari.

568 3125 886 3187 Quapropter
912 3140 1118 3188 quoquo
1140 3133 1289 3189 pacto
1316 3130 1467 3175 tacito
1502 3133 1578 3176 est
1599 3140 1748 3191 opus,
1789 3131 1877 3180 So,
1916 3130 1997 3179 Ah

1245 3204 1474 3251 minume
1499 3205 1726 3263 gentium
1747 3219 1759 3252 2

356 3276 408 3321 45
577 3286 691 3333 Non
734 3287 940 3335 faciam.
1005 3290 1102 3336 Ga.
1143 3290 1276 3347 Quid
1321 3304 1440 3350 ages
1480 3290 1504 3337 ’ἲ
1568 3292 1654 3340 So,
1705 3293 1988 3342 Proferam.

664 3360 760 3407 CA.
799 3362 950 3417 Hem,
978 3375 1090 3408 mea
1118 3363 1362 3419 Sostrata,
1390 3363 1505 3409 vide
1532 3378 1686 3424 quam
1712 3379 1818 3413 rem
1856 3368 1985 3426 agis6

439 3447 522 3494 So·
558 3447 733 3509 Pejore
757 3461 835 3495 res
873 3448 983 3495 loco
1025 3463 1128 3495 non
1166 3451 1301 3510 potis
1335 3453 1412 3497 est
1453 3464 1563 3498 esse
1601 3464 1756 3512 quam
1798 3453 1852 3499 in
1891 3467 1993 3514 quo

1373 3540 1506 3572 nunc
1533 3527 1630 3573 sita
1653 3531 1749 3575 est.
