2332 3814
370 274 423 328 V,

367 3478 416 3602 0<

1095 187 1433 241 '—x1„V1—

447 271 762 322 6‚19-6,1
1915 266 2064 308 942-

495 405 586 449 DE.
613 403 692 449 Da
717 402 944 448 veniam.
995 401 1094 447 ΑΕ.
1122 401 1198 447 Ne
1222 400 1454 460 gravare.
1510 401 1611 447 DE.
1639 401 1760 455 Fac,
1779 397 2041 460 promitte.

1270 477 1365 524 M1.
1397 478 1514 524 Non
1539 476 1774 524 omittitis
1789 475 1813 521 ?

436 566 596 614 20AE.
630 566 763 623 Non,
792 566 965 611 uisite
992 577 1217 611 exorem.
1272 564 1369 612 Mr.
1402 565 1490 611 Vis
1525 567 1606 611 est
1655 564 1781 610 haee
1812 563 2040 624 quidem.

1129 642 1231 689 DE.
1263 642 1370 701 Age
1388 641 1601 701 prolixe,
1628 641 1804 687 Micio,

497 733 591 780 M1.
637 733 748 779 Etsi
774 732 870 779 hoo
896 732 1026 778 mihi
1048 745 1277 791 pravom,
1312 732 1561 791 ineptum,
1587 731 1867 777 absurdum
1895 734 2048 791 atque

1261 807 1487 854 alienum
1512 821 1542 853 a
1565 807 1673 853 vita
1698 821 1811 853 mea

614 899 857 956 Videtur3
893 899 936 944 si
961 912 1053 945 vos
1080 900 1224 944 tanto
1249 911 1399 958 opere
1419 898 1552 943 istuc
1576 897 1748 952 voltiS‚
1776 898 1887 944 fiat.
1941 897 2040 944 ΑΕ.

1492 974 1630 1019 Bene
1655 974 1804 1020 faeie.

495 1063 597 1109 DE.
630 1063 814 1109 Merito
853 1065 902 1110 te
935 1077 1074 1110 am0.
1126 1064 1397 1110 Verum...
1439 1062 1534 1109 M1.
1580 1061 1749 1117 Quid?
1795 1062 1897 1109 DE.
1940 1061 2048 1122 Ego

823 1139 1006 1197 dicam,
1033 1140 1129 1185 hoc
1156 1153 1311 1199 quom
1330 1140 1484 1185 confit
1506 1139 1643 1199 quod
1665 1138 1803 1186 volo.

497 1232 593 1280 Mr.
626 1231 758 1287 Quid
784 1246 919 1278 nuno
945 1232 1083 1292 quod
1127 1231 1322 1278 restat?
1348 1230 1444 1278 DE.
1484 1232 1646 1291 Hegio
1683 1234 1931 1291 cognatus
1967 1232 2048 1279 his

1412 1311 1488 1353 est
1511 1322 1809 1368 proxumus,

613 1402 814 1451 Adfinis
840 1401 1007 1458 nobis,
1032 1415 1253 1462 pauper:
1279 1402 1408 1448 bene
1434 1414 1526 1447 nos
1552 1401 1747 1462 aliquid
1773 1403 1936 1449 facere
1971 1402 2050 1449 illi

1652 1478 1808 1525 decet.

432 1569 485 1610 25
553 1574 643 1621 M1.
686 1572 818 1629 Quid
851 1572 1054 1619 faeere?
1101 1571 1197 1619 DE.
1225 1571 1390 1632 Agelli
1420 1575 1496 1618 est
1520 1572 1601 1618 hio
1640 1573 1735 1618 sub
1772 1573 1897 1618 urbe
1926 1586 2049 1634 pau-

1133 1646 1242 1692 lum
1267 1646 1403 1706 quod
1428 1645 1608 1692 locitas
1634 1646 1772 1692 foras
1799 1662 1810 1691 ε

614 1744 750 1790 Huio
794 1743 973 1788 demus
999 1741 1087 1801 qui
1126 1741 1344 1786 fruatur.
1395 1740 1486 1786 M1.
1531 1740 1748 1786 Paulum
1785 1740 1837 1787 id
1877 1743 2049 1788 autem

920 1815 1031 1858 est?
1074 1812 1170 1858 DE.
1195 1812 1248 1858 Si
1272 1811 1493 1857 multum
1519 1814 1612 1866 est,
1642 1814 1813 1857 tamen

615 1903 939 1952 Faciundum
983 1905 1059 1948 est
1081 1916 1095 1960 3
1137 1916 1229 1963 pro
1274 1903 1418 1962 patre
1457 1901 1577 1948 huie
1612 1903 1705 1955 est,
1746 1901 1914 1947 bonus
1954 1904 2047 1953 est.

1175 1981 1349 2025 noster
1374 1980 1466 2032 est,
1498 1980 1629 2024 recte
1655 1977 1821 2023 datur.

611 2073 873 2120 Postremo
899 2086 1002 2120 non
1027 2085 1198 2118 meum
1222 2070 1351 2116 illud
1384 2070 1598 2117 verbum
1624 2070 1772 2127 facio,
1800 2071 1937 2131 quod
1975 2074 2050 2128 tu,

1648 2147 1816 2204 Micio,

617 2236 753 2282 Bene
779 2237 829 2281 et
855 2235 1112 2295 sapienter
1140 2234 1270 2280 dixti
1297 2234 1491 2280 dudum
1517 2248 1527 2280 :
1560 2235 1756 2281 ‘vitium
1783 2246 2052 2281 commune

1461 2308 1693 2354 omnium
1718 2310 1811 2365 est,

431 2397 482 2436 30
619 2399 765 2455 Quod
789 2399 1008 2445 nimium
1041 2399 1105 2444 ad
1131 2411 1237 2445 rem
1272 2398 1327 2444 in
1366 2400 1570 2444 senecta
1606 2398 1789 2443 attenti
1825 2396 2042 2444 sumus'.

1101 2470 1247 2525 Hanc
1273 2467 1528 2514 maculam
1554 2482 1646 2516 nos
1671 2468 1814 2514 decet

614 2562 847 2621 Effugere
857 2574 870 2618 ;
900 2564 949 2607 et
970 2561 1163 2607 dictum
1185 2562 1388 2606 estvere
1411 2562 1460 2605 et
1483 2572 1535 2605 re
1559 2560 1670 2620 ipsa
1687 2560 1795 2605 fieri
1820 2562 2049 2619 oportet.

1413 2633 1512 2680 ΑΕ.
1547 2634 1620 2680 Mi
1641 2635 1808 2694 pater!

502 2731 599 2778 Mt.
632 2730 765 2786 Quid
808 2729 961 2776 istic?
1010 2728 1216 2774 dabitur
1251 2726 1457 2786 quando
1498 2726 1731 2785 equidem
1778 2728 1861 2774 hio
1910 2729 2039 2778 volt.

1238 2801 1399 2847 ΒΕ...
1447 2799 1541 2845 ΑΕ.
1574 2799 1802 2847 Gaudeo.

503 2893 601 2939 DE.
773 2905 910 2938 nune
944 2894 999 2937 tu
1039 2890 1167 2937 mihi
1199 2902 1252 2936 es
1290 2902 1562 2949 germanus
1595 2889 1783 2949 pariter
1804 2890 1976 2937 animo
2001 2895 2051 2938 et

1575 2976 1803 3023 corpore.

622 3080 679 3087 -
711 3053 814 3099 Suo
842 3053 939 3098 sihi
962 3035 1295 3126 gladidhync
1315 3049 1515 3110 jugulo.
1548 3075 1606 3082 —

589 3242 817 3292 SYRvs
937 3242 1182 3291 DEMEA
1219 3242 1435 3291 Mlclo
1536 3242 1952 3292 Auscumvs

600 3372 802 3421 SERvos
1040 3371 1208 3420 SENES
1243 3370 1292 3419 II
1564 3369 1902 3418 ADVLESCENS

714 3550 807 3597 ΞΥ.
842 3549 1058 3596 Factum
1085 3553 1161 3596 est
1187 3548 1322 3610 quod
1343 3548 1560 3609 jussisti,
1590 3548 1801 3596 Demea.

2082 266 2165 309 958

2078 963 2169 1010 945

2080 1794 2271 1869 9-5οὶ

2080 2621 2170 2667 955

2275 1626 2283 1631 ι

2327 2095 2332 2132 -.
2317 1842 2332 2041 jamnum...
2324 1791 2332 1810 ,ῳ
2327 1717 2332 1755 ..,.
2327 1655 2330 1657 v
2330 1568 2332 1593 ,Δ
2330 1495 2332 1499 .
2325 1410 2332 1420 -.
2324 1382 2332 1386 ι

2320 3585 2332 3596 ’-
2322 3328 2332 3574 v...-·.‹-n.-.—n.·.-—-—
2330 3315 2332 3319 .
2326 3280 2332 3307 ...
2327 3245 2332 3270 .-
2330 3215 2332 3217 .
2318 3177 2332 3191 Ι,
