2332 3814
959 207 1025 215 --
1060 192 1196 228 XLVII
1232 205 1297 216 —

232 251 542 308 v,6,2-21
1790 252 2030 294 959—978

343 394 438 441 DE.
466 393 625 455 Frugi
667 394 820 442 homo
857 409 927 442 es·
992 396 1126 456 Ergo
1169 394 1349 456 edepol
1374 394 1525 441 hodie
1551 407 1663 439 mea
1690 392 1897 454 quidem

1385 468 1638 515 sententia

465 555 639 603 Iudico
665 556 851 616 Syrum
872 557 982 602 fieri
1006 568 1115 603 esse
1141 569 1359 616 aequom
1396 554 1631 601 liberum.
1697 554 1788 601 M1.
1813 554 1949 634 Isys

1245 628 1613 691 tunosliberum
1638 627 1661 673 ⁶?
1944 629 2035 676 960

467 717 612 772 Quod
636 731 755 764 nam
782 718 848 764 ob
874 719 1066 764 factum
1091 718 1114 764 ⁶?
1175 692 1482 764 Dsstsffiulta.
1548 717 1634 763 SY.
1659 717 1701 764 Ο
1727 719 1901 763 noster

918 793 1127 848 Demea,
1155 791 1333 853 edepol
1358 791 1438 838 vir
1460 792 1659 838 bonu's.

278 867 305 908 5
470 878 578 937 Ego
620 878 747 924 istos
789 878 934 924 vobis
975 891 1136 938 usque
1158 891 1189 923 a
1211 878 1383 938 pueris
1408 878 1585 923 curavi
1611 877 1791 924 ambos
1816 889 1902 923 se·

1502 951 1622 997 dulo
1651 965 1662 994 ε

472 1041 652 1096 Domi,
690 1041 884 1097 monui,
921 1041 1051 1088 hene
1089 1041 1320 1102 praecepi
1361 1054 1560 1101 semper
1585 1054 1715 1100 quae
1756 1040 1900 1100 potui

1472 1128 1661 1160 omma.

354 1202 450 1248 DE.
480 1203 579 1249 Res
604 1206 814 1264 apparet
827 1216 842 1262 3
859 1206 908 1249 et
933 1203 1139 1264 quidem
1161 1217 1310 1265 porro
1337 1203 1479 1259 haee,
1507 1203 1757 1250 obsonare
1783 1210 1898 1248 cum

1545 1278 1660 1333 fide,

473 1368 706 1415 Scortum
732 1368 999 1426 adducere,
1023 1369 1269 1430 adparare
1288 1369 1349 1415 de
1370 1369 1451 1415 die
1472 1369 1788 1425 convivium,

473 1455 590 1501 Non
630 1455 899 1501 mediocris
937 1456 1161 1502 hominis
1205 1456 1330 1502 haee
1355 1459 1476 1502 sunt
1500 1456 1685 1502 officia.
1750 1455 1838 1502 SY.
1865 1455 1906 1502 Ο

1948 1341 2040 1388 965

1230 1530 1458 1591 lepidum
1484 1531 1664 1591 caput!

259 1603 309 1645 1⁰
356 1615 454 1662 DE.
481 1616 743 1662 Postremo
768 1616 918 1663 hodie
942 1616 995 1662 in
1018 1615 1232 1676 psaltria
1257 1616 1353 1662 hae
1378 1617 1600 1662 emunda
1649 1616 1731 1663 hio
1756 1616 1909 1676 adju-

1449 1695 1528 1738 tor
1552 1691 1669 1748 fuit,

479 1779 574 1825 Hic
618 1771 855 1824 curavit:
898 1777 1136 1837 prodesse
1175 1790 1392 1838 aequom
1427 1779 1534 1834 est3
1563 1776 1650 1822 alii
1676 1777 1908 1823 meliores

1502 1855 1667 1897 erunt.

478 1945 710 2006 Denique
733 1946 813 1992 hio
838 1946 947 1992 volt
969 1948 1093 1992 fieri.
1157 1946 1248 1992 M1.
1278 1946 1375 1992 Vin
1398 1948 1453 1991 tu
1479 1945 1574 1991 hoe
1595 1945 1703 1990 fieri
1729 1944 1751 1990 ⁶?
1813 1945 1906 1991 Aa.

1023 2020 1204 2081 Cupio.
1269 2021 1359 2066 M1.
1387 2019 1440 2066 Si
1466 2018 1672 2079 quidem

479 2108 557 2154 Tu
600 2108 694 2164 viS‚
736 2109 877 2168 Syre,
920 2109 1015 2155 eho
1057 2108 1235 2155 accede
1271 2109 1371 2154 huc
1406 2107 1470 2152 ad
1494 2120 1600 2152 me:
1627 2106 1756 2152 liber
1782 2109 1907 2152 esto,

1247 2184 1332 2231 SY.
1360 2184 1497 2230 Bene
1524 2183 1668 2229 facis.

480 2271 730 2317 Omnibus
756 2271 972 2330 gratiam
1000 2270 1181 2326 habe0‚
1205 2273 1255 2316 et
1272 2283 1501 2317 seorsum
1518 2269 1610 2315 tibi
1631 2272 1909 2330 praeterea,

1465 2345 1672 2391 Demea.

265 2434 315 2475 15
363 2436 459 2482 Dm.
486 2436 712 2483 Gaudeo.
776 2437 854 2482 Ar:
913 2437 978 2482 Et
1024 2450 1131 2496 ego.
1197 2436 1283 2482 SY.
1347 2434 1526 2482 Credo.
1565 2434 1776 2480 Vtinam
1818 2434 1913 2480 hoe

971 2513 1269 2571 perpetuom
1296 2510 1385 2555 fiat
1405 2509 1670 2569 gaudium,

1956 2159 2046 2205 970

484 2602 759 2662 Phrygiam
802 2604 857 2647 ut
899 2613 1109 2646 uxorem
1151 2611 1317 2645 meam
1357 2613 1462 2644 una
1486 2612 1686 2644 mecum
1710 2597 1913 2644 videam

1436 2672 1670 2719 liberam.

365 2766 462 2813 DE.
489 2766 766 2828 Optumam
792 2765 997 2826 quidem
1023 2764 1303 2810 mulierem.
1369 2763 1454 2809 ΞΥ.
1483 2763 1547 2808 Et
1590 2762 1798 2822 quidem
1825 2765 1917 2808 tuo
2137 2797 2163 2808 x

1167 2837 1340 2898 nepoti
1367 2836 1521 2896 hujus
1551 2829 1713 2915 filios
2120 2812 2143 2909 J
2167 2811 2195 2860 s

486 2927 651 2973 Hodie
691 2927 857 2988 prima
896 2939 1174 2972 mammam
1213 2924 1352 2971 dedit
1390 2923 1531 2970 haee.
1594 2923 1691 2971 Da.
1734 2923 1916 2971 Hercle

1377 3012 1496 3046 vero
1523 2999 1672 3056 serm,
1958 2992 2049 3039 975

487 3091 538 3137 Si
572 3091 779 3151 quidem
822 3089 989 3151 prima
1035 3088 1191 3144 dedit,
1242 3088 1380 3135 haud
1425 3088 1640 3135 dubium
1688 3091 1765 3134 est
1789 3087 1914 3148 quin

1138 3162 1302 3209 emitti
1324 3176 1540 3223 aequom
1564 3162 1674 3208 siet.

268 3249 319 3290 20
371 3251 461 3298 M1.
489 3250 565 3297 Ob
603 3263 717 3297 eam
758 3265 863 3297 rem
884 3250 907 3297 ⁶?
970 3250 1066 3296 DE.
1101 3250 1178 3296 Ob
1211 3262 1339 3296 eam.
1382 3236 1645 3297 Postremo
1670 3262 1701 3295 a
1726 3263 1805 3295 me
1827 3261 1915 3295 ar-

926 3327 1132 3384 gentum
1160 3323 1341 3383 quanti
1366 3326 1443 3369 est
1467 3322 1674 3370 sumito.

370 3412 454 3459 SY.
483 3413 547 3459 Di
574 3413 684 3469 tibi,
710 3413 920 3468 Demea,
967 3426 1142 3458 omnes
1169 3425 1367 3474 semper
1390 3413 1563 3459 onmia
1589 3415 1765 3473 optata
1790 3411 1918 3458 offe-

1545 3490 1677 3532 rant.
