2332 3814
962 169 1028 178 —
1062 155 1256 192 XXXVIII
1294 171 1358 181 -

265 206 341 257 1v,
359 208 400 260 7,
423 206 475 250 39
499 229 547 237 -
569 205 611 255 9,
635 207 662 248 4
1813 212 1892 254 757
1914 236 1966 244 -
1988 213 2068 255 779

505 318 611 376 Ego
638 318 731 363 hos
758 317 1007 363 convenio
1027 330 1042 374 3
1077 320 1192 377 post
1231 318 1331 365 huc
1368 320 1537 368 redeo.
1593 321 1695 369 DE.
1735 323 1776 369 O
1813 323 1928 383 Iup·

1538 394 1685 453 piter,

281 482 332 522 40
498 480 730 525 Hancine
762 479 950 526 vitam!
983 480 1161 525 hoscin
1200 481 1396 527 mores!
1425 481 1557 527 hanc
1594 483 1933 531 dementiam!

500 566 639 611 onr
657 566 765 611 sine
791 566 907 611 dote
933 566 1104 611 veniet
1124 579 1139 623 3
1166 566 1308 612 intus
1335 567 1550 626 psaltria
1570 570 1660 615 'est
1684 583 1694 615 :
1803 547 1808 554 ί

499 653 695 699 Domus
723 656 1026 712 sumptuosa
1047 667 1062 711 3
1090 653 1389 700 adulescens
1414 654 1542 700 luxu
1569 656 1799 716 perditus
1822 671 1835 714 3
1985 660 2074 706 760

499 743 661 788 Senex
684 743 927 791 delirans.
984 744 1103 803 Ipsa
1122 746 1163 790 si
1187 745 1360 804 cupiat
1383 745 1550 801 Salus,

502 829 713 876 Servare
737 844 947 890 prorsus
972 843 1075 876 non
1102 834 1271 891 potest
1296 832 1429 878 hanc
1455 832 1728 880 familiam.

860 982 1103 1047 SYRvs
1204 998 1462 1049 DEMEA

892 1124 1085 1160 SERVOS
1251 1125 1416 1160 SENEx

271 1252 347 1294 1v
394 1245 483 1292 ΞΥ.
518 1244 730 1305 Edepol,
758 1244 975 1303 Syrisce,
1005 1247 1052 1289 te
1079 1245 1269 1290 curasti
1294 1245 1516 1292 molliter

304 1337 336 1380 8
505 1337 768 1396 Lauteque
795 1351 985 1381 munus
1013 1338 1386 1383 administrasti
1412 1341 1584 1385 tuom:

504 1425 602 1471 Abi
627 1438 641 1482 3
702 1424 790 1469 sed
838 1426 1113 1484 postquam
1159 1425 1300 1471 intus
1343 1439 1457 1471 sum
1499 1427 1726 1471 omnium
1774 1439 1941 1471 rerum

1542 1502 1701 1556 satur,
1989 1504 2078 1549 7(ἰῦ

503 1587 902 1652 Prqdlzunbulare
946 1588 1045 1633 huc
1084 1588 1275 1635 lubuit.
1331 1589 1432 1635 DE.
1467 1588 1603 1634 Illud
1630 1590 1700 1634 sis
1729 1589 1873 1635 vide:

312 1685 337 1724 5
506 1677 817 1736 Exemplum
839 1675 1167 1736 disciplinae!
1229 1676 1318 1723 ΞΥ.
1353 1678 1478 1722 Ecce
1505 1679 1677 1723 autem
1699 1678 1781 1723 hic
1797 1679 1941 1724 adest

475 1769 638 1814 Senex
662 1771 854 1814 noster.
902 1793 961 1799 —
1001 1767 1134 1822 Quid
1162 1766 1258 1812 fit?
1284 1767 1407 1826 quid
1430 1769 1486 1812 tu
1512 1780 1564 1812 es
1597 1767 1793 1813 tristis?
1842 1767 1939 1813 DE.

1369 1841 1465 1895 Oh,
1501 1840 1694 1887 scelus!

387 1933 477 1979 ΞΥ,
512 1932 618 1978 Ohe
637 1931 767 1991 jam!
800 1933 854 1976 tu
870 1930 1026 1977 verba
1052 1918 1355 1987 fundishic,
1382 1929 1671 1990 sapientia?

385 2023 486 2071 DE.
519 2024 597 2068 Tu
624 2023 666 2068 si
691 2037 835 2069 meus
858 2036 1052 2068 esses...
1096 2022 1182 2068 ΞΥ,
1207 2022 1298 2067 Dis
1326 2022 1530 2082 quidem
1557 2035 1710 2077 esses,
1730 2022 1937 2077 Demea,
1987 2019 2076 2066 770

500 2115 572 2159 Ac
600 2118 742 2159 tuam
768 2127 873 2159 rem
899 2114 1303 2161 constabilisses.
1360 2114 1461 2160 DE.
1501 2114 1749 2174 Exemplo
1774 2115 1942 2160 omni-

1599 2189 1696 2234 bus

287 2287 338 2328 10
506 2282 751 2327 Curarem
777 2284 835 2327 ut
860 2294 1018 2327 esses,
1075 2280 1166 2327 ΞΥ.
1198 2281 1362 2335 Quam
1402 2279 1466 2324 ob
1493 2278 1632 2324 rem?
1657 2279 1788 2333 Quid
1806 2279 1941 2325 feci?

1369 2353 1471 2399 DE.
1506 2353 1696 2411 Rogas.

507 2442 567 2487 In
593 2442 705 2502 ipsa
728 2440 879 2486 turba
905 2442 1059 2499 atque
1081 2440 1134 2484 in
1160 2441 1365 2498 peccato
1392 2451 1652 2493 maxumo,

507 2532 653 2586 Quod
678 2532 769 2578 vix
795 2531 1026 2578 sedatum
1056 2532 1181 2576 satis
1209 2533 1300 2587 est,
1329 2530 1536 2590 potasti,
1566 2529 1749 2585 scelus,

506 2625 662 2679 Quasi
688 2637 739 2671 re
757 2624 886 2671 bene
914 2628 1078 2683 gesta.
1113 2625 1204 2672 ΞΥ.
1237 2624 1368 2671 Sane
1387 2623 1574 2670 nollem
1601 2624 1699 2669 huc
1718 2624 1933 2670 exitum.
1988 2624 2078 2670 775

720 2815 948 2865 DROMo
1049 2815 1279 2864 DEMEA
1392 2813 1596 2863 Srnvs

762 2927 907 2977 PVER
1087 2927 1260 2978 ΞΕΝΕΧ
1396 2925 1598 2976 SERvos

273 3091 350 3132 lv
391 3084 493 3131 Da.
526 3085 667 3130 Heus
694 3083 835 3142 Syre,
862 3086 1007 3141 rogat
1033 3086 1080 3128 te
1098 3082 1338 3142 Ctesipho
1363 3084 1420 3127 ut
1440 3081 1637 3128 redeas.
1693 3081 1784 3128 ΞΥ.
1811 3082 1932 3129 Abi.

310 3168 342 3211 9
386 3170 487 3216 DE.
523 3169 655 3224 Quid
673 3168 1036 3228 Ctesiphonem
1065 3168 1143 3213 hic
1163 3165 1374 3212 narrat?
1421 3167 1509 3212 SY.
1544 3166 1651 3213 Nil.
1678 3167 1779 3214 DE.
1805 3167 1934 3222 Eho,

1437 3241 1700 3295 carnufex,

501 3330 594 3376 Est
611 3328 852 3387 Ctesipho
887 3327 1063 3374 intus?
1111 3327 1201 3374 ΞΥ.
1249 3327 1364 3374 Non
1413 3329 1510 3372 est.
1545 3327 1646 3373 DE.
1691 3327 1827 3382 Quor
1850 3326 1932 3371 hic

1421 3397 1694 3443 nominat?

383 3490 473 3537 ΞΥ.
506 3489 599 3535 Est
625 3488 758 3535 alius
784 3487 1014 3547 quidam,
1040 3487 1373 3560 parasitaster
1390 3484 1633 3546 paululus
1650 3498 1666 3543 3
