2332 3814
361 207 434 266 lv,
457 217 521 271 10,
545 216 595 258 18
613 237 665 248 -
684 216 735 257 52
1220 163 1284 198 XL
1900 212 1979 255 804
2002 234 2059 244 -
2081 211 2160 255 838
2183 219 2186 222 ·

591 324 898 370 Communia
925 337 1032 369 esse
1058 322 1338 367 amicorum
1355 322 1489 368 inter
1514 337 1566 369 se
1591 323 1786 369 omnia.

474 415 575 460 DE.
606 414 788 459 Facete
813 414 822 459 l
850 414 1002 461 Nunc
1027 413 1233 458 demum
1258 413 1417 459 istaec
1442 417 1564 460 nata
1588 415 1750 460 oratio
1773 417 1871 462 est.
2070 410 2161 457 805

378 502 430 543 20
475 503 570 549 M1.
601 502 850 548 Ausculta
872 503 1065 563 pauciS,
1094 502 1195 547 nisi
1221 502 1495 548 molestum
1518 506 1612 559 est,
1631 490 1843 552 Demea.

460 589 463 591 ’
594 590 865 650 Principio,
887 590 930 635 si
962 590 1015 635 id
1042 592 1088 636 te
1114 590 1329 647 mordet,
1358 594 1621 652 sumptum
1642 593 1734 638 filii

594 678 754 731 Quem
779 678 993 735 faciunt,
1022 691 1212 738 quaeso
1234 679 1330 726 hoc
1354 680 1509 726 facito
1538 684 1704 728 tecum
1729 683 1918 742 cogites
1940 695 1952 732 τ

597 767 674 812 Tu
700 767 815 813 illos
842 767 942 812 duo
968 767 1091 813 olim
1117 781 1209 828 pro
1235 783 1288 815 re
1313 769 1531 817 tollebas
1563 774 1669 830 tua,

594 857 740 911 Quod
765 858 890 904 satis
921 860 1145 919 putabas
1172 863 1262 906 tua
1286 861 1422 907 bona
1448 863 1701 909 ambobus
1726 864 1850 920 fore,
2074 861 2163 908 810

381 956 434 997 25
598 948 666 994 Et
690 962 770 995 me
797 951 907 994 tum
934 963 1147 996 uxorem
1172 928 1432 998 credidisti
1458 953 1649 999 scilicet

567 1037 912 1086 *Ducturum.
983 1039 1214 1086 Eandem
1259 1041 1404 1088 illam
1459 1043 1709 1089 rationem
1763 1045 2030 1106 antiquam

1588 1117 1790 1164 obtine:

601 1199 877 1255 Conserva,
905 1213 1108 1258 quaere,
1136 1214 1301 1260 parce,
1330 1202 1411 1248 fac
1437 1216 1591 1261 quam
1616 1203 1914 1263 plurumum

600 1285 709 1331 Illis
735 1285 994 1345 relinquas
1011 1300 1026 1344 3
1055 1287 1271 1346 gloriam
1294 1291 1350 1334 tu
1374 1289 1541 1336 istanc
1567 1291 1681 1338 tibi.

599 1372 731 1426 Mea,
760 1385 889 1431 quae
913 1375 1113 1432 praeter
1139 1387 1281 1434 spem
1303 1387 1531 1433 evenere,
1559 1379 1773 1423 utantur
1797 1378 1923 1426 sine.
2076 1371 2166 1418 815

385 1466 436 1506 30
600 1459 674 1505 De
701 1473 904 1506 summa
930 1460 1003 1505 nil
1031 1461 1238 1507 decedet
1261 1474 1276 1520 ;
1305 1463 1441 1521 quod
1465 1463 1584 1509 hinc
1606 1466 1888 1523 accesserit,

597 1547 654 1594 ld
680 1548 741 1594 de
765 1549 906 1595 lucro
932 1551 1113 1608 putato
1137 1562 1246 1595 esse
1275 1563 1446 1598 omne.
1517 1551 1655 1597 Haec
1680 1553 1722 1597 si
1747 1552 1887 1599 voles

603 1636 664 1681 In
690 1637 862 1682 animo
889 1651 1005 1684 vere
1028 1638 1265 1697 cogitare,
1293 1640 1500 1697 Demea,

600 1724 666 1770 Et
690 1725 760 1770 mi
787 1729 836 1771 et
862 1722 955 1771 tibi
981 1729 1029 1772 et
1054 1726 1158 1772 illis
1185 1727 1464 1788 dempseris
1491 1730 1803 1780 molestiam.

485 1813 582 1859 DE.
610 1813 758 1860 Mitto
777 1826 883 1859 rem
905 1827 914 1860 :
943 1816 1364 1861 consuetudinem
1385 1817 1711 1865 amborum...
1737 1820 1829 1866 Mt.
1850 1815 2030 1870 Mane:
2079 1817 2170 1864 820

388 1916 440 1957 35
605 1905 717 1952 Scio
736 1918 750 1963 ;
774 1905 907 1951 istuc
931 1906 1090 1953 ibam.
1160 1906 1327 1952 Multa
1349 1908 1402 1952 in
1425 1908 1648 1966 homine,
1677 1910 1884 1970 Demea,

601 1998 978 2068 Signainsunt,
1007 2013 1069 2045 ex
1095 2001 1285 2060 quibus
1311 2001 1602 2061 conjectura
1627 2004 1775 2052 facile
1797 2005 1874 2062 fit,

605 2088 720 2134 Duo
748 2088 903 2148 quom
929 2090 1064 2136 idem
1089 2091 1304 2148 faciunt,
1333 2105 1481 2153 saepe
1515 2095 1572 2138 ut
1595 2095 1761 2153 possis
1786 2094 1947 2143 dicere

553 2239 558 2243 ἡ
608 2179 731 2227 ‘Hoc
753 2182 872 2229 licet
894 2183 1088 2243 inpune
1112 2183 1277 2229 facere
1302 2184 1438 2241 huic,
1465 2184 1542 2230 illi
1567 2198 1670 2231 non
1696 2187 1846 2244 licet',

603 2264 718 2311 Non
745 2279 846 2324 quo
865 2265 1130 2310 dissimilis
1157 2279 1235 2311 res
1262 2267 1345 2322 sit,
1374 2267 1460 2312 sed
1488 2281 1588 2326 quo
1611 2269 1655 2314 is
1682 2269 1769 2328 qui
1794 2270 1940 2319 facit.
2081 2267 2171 2314 825

389 2364 441 2405 40
606 2353 745 2406 Quae
771 2365 862 2410 ego
889 2353 1055 2398 inesse
1082 2353 1136 2397 in
1160 2352 1264 2398 illis
1286 2353 1453 2410 video,
1480 2356 1538 2399 ut
1561 2355 1813 2400 confidam
1841 2356 1948 2402 fore

606 2441 686 2486 Ita
711 2442 771 2485 ut
790 2440 1053 2488 volumus.
1126 2440 1282 2486 Video
1314 2452 1398 2486 eos
1426 2453 1620 2500 sapere,
1648 2441 1957 2501 intellegere,
1982 2443 2036 2490 in

1692 2515 1802 2561 loco
1990 2511 1992 2513 ’

598 2603 787 2660 Vereri,
814 2603 949 2648 inter
974 2616 1026 2648 se
1053 2615 1246 2650 amare.
1316 2602 1468 2648 Sciris
1493 2601 1714 2648 liberum

605 2692 876 2751 Ingenium
898 2694 1051 2751 atque
1077 2692 1309 2737 animum
1332 2703 1342 2738 ζ
1376 2703 1476 2750 quo
1501 2690 1579 2737 vis
1603 2690 1720 2736 illos
1746 2693 1802 2737 tu
1827 2691 1906 2738 die

607 2779 895 2826 RedducaS.
944 2778 1013 2824 At
1050 2778 1186 2824 enim
1222 2780 1437 2834 metuas,
1481 2790 1544 2823 ne
1571 2778 1635 2823 ab
1661 2791 1711 2823 re
1739 2778 1842 2823 sint
1868 2782 2039 2826 tamen
2085 2773 2175 2822 830

387 2874 439 2914 45
604 2866 908 2911 Omissiores
933 2863 1105 2924 paulo.
1170 2865 1211 2911 O
1234 2867 1406 2911 noster
1430 2864 1639 2920 Demea,

604 2951 684 2997 Ad
710 2951 882 2997 omnia
907 2950 1010 2996 alia
1036 2953 1201 2997 aetate
1229 2951 1458 3012 sapimus
1490 2950 1677 2996 rectius
1696 2963 1712 3009 3

604 3040 781 3087 Solum
802 3053 962 3085 unum
978 3040 1073 3086 hoc
1088 3041 1273 3086 vitium
1287 3040 1452 3086 adfert
1467 3042 1698 3085 senectus
1713 3039 2036 3089 hominibus:

603 3130 929 3177 Adtentiores
970 3143 1149 3175 sumus
1175 3129 1240 3175 ad
1279 3142 1385 3175 rem
1413 3142 1607 3184 omneS,
1634 3142 1790 3188 quam
1817 3132 1896 3175 sat
1921 3132 1997 3176 est
2019 3143 2036 3189 ;

605 3218 751 3274 Quod
772 3218 889 3264 illos
915 3220 994 3263 sat
1019 3220 1164 3264 aetas
1188 3220 1353 3264 acuet.
1417 3216 1513 3263 DE.
1540 3217 1616 3264 Ne
1642 3218 1860 3264 nimium
1887 3219 2038 3265 modo
2084 3218 2176 3265 835

385 3312 437 3353 50
601 3304 774 3349 Bonae
803 3306 920 3349 tuae
946 3303 1074 3348 istae
1102 3317 1196 3349 nos
1221 3303 1461 3358 rationes,
1491 3303 1660 3359 Micio,

596 3394 661 3439 Et
689 3396 801 3439 tuos
826 3392 923 3438 iste
949 3393 1155 3438 animus
1179 3406 1369 3463 aequos
1397 3392 1680 3439 subvortat.
1745 3393 1837 3440 Mt.
1866 3393 2031 3450 Tace3

594 3477 708 3523 Non
734 3477 833 3522 fiet.
899 3474 1043 3522 Mitte
1065 3476 1172 3535 jam
1193 3477 1348 3522 istaec
1365 3489 1381 3535 3
1408 3475 1473 3521 da
1499 3478 1546 3521 te
1568 3475 1719 3522 hodie
1747 3475 1882 3522 mihi
1912 3488 1928 3534 3
