2332 3814
1018 155 1280 209 ...12-

305 279 423 328 48.
450 280 627 328 Eoum
663 282 888 328 educere
929 280 1046 342 plus
1085 281 1321 343 frequent
1355 296 1419 330 en
1459 282 1612 332 vieux
1646 282 1796 340 latin,
1834 282 1963 331 dans
1986 278 2034 330 16

247 384 362 417 sens
387 370 600 417 d'elever
622 371 708 416 des
731 371 952 427 ens-ants,
982 384 1079 430 que
1106 374 1338 419 educare
1358 373 1559 434 (Dzia.).
1586 375 1665 421 Cf.
1689 375 1791 420 Cio.
1814 374 1874 420 de
1893 374 2032 421 Orat.

245 460 312 516 ΙΙ,
338 460 424 507 28:
461 474 632 519 neque
666 462 815 506 enim
842 464 921 505 est
946 461 1068 506 boni
1096 473 1268 518 neque
1305 462 1548 508 liberalis
1578 464 1848 519 parentis,
1875 474 2034 520 quem

238 552 553 606 procrearis
583 554 635 595 et
672 551 948 604 eduoeeri3‚
984 562 1108 595 eum
1150 563 1259 596 non
1301 555 1352 596 et
1383 553 1579 598 vestire
1606 557 1657 598 et
1695 565 1912 608 ornare,
1940 553 2035 597 eto.

247 664 303 670 —
324 639 452 696 Voy.
479 639 536 683 F.
565 638 787 692 Schultz,
815 637 904 682 lat.
926 637 1118 696 Synon.
1146 638 1168 697 g
1191 637 1266 684 81.

306 727 413 776 PRO
439 740 545 773 MEO
571 727 863 786 appartient
888 728 917 771 ἐι
942 726 992 772 la
1018 727 1115 772 fois
1138 728 1167 773 a
1191 730 1380 774 amavi
1406 731 1456 775 et
1481 730 1511 775 a
1535 730 1718 776 habui.

305 830 423 877 49.
451 831 511 876 IN
537 845 601 877 Eo
626 834 804 877 neutre
830 845 1023 878 comme
1047 832 1093 878 16
1119 835 1295 879 solum
1321 835 1380 878 ia
1406 835 1493 894 qui
1516 836 1618 880 suit
1641 835 1846 894 (Speng.
1874 834 2038 893 Dzia.)

246 921 389 965 Nove
432 922 580 966 dia-ic
612 933 715 978 pro
749 934 821 967 eo
867 934 919 966 m
941 935 966 967 e
1014 924 1332 981 obleet03
1359 925 1490 980 plus
1531 928 1718 969 autem
1762 925 2039 984 siqnifieat

247 1022 414 1066 quam
441 1011 490 1054 si
514 1011 719 1055 diceret
737 1025 752 1054 .-
778 1013 925 1057 .solus
951 1013 999 1056 is
1026 1024 1191 1058 carus
1219 1013 1356 1056 mihi
1386 1012 1578 1071 (Don.).

308 1110 423 1156 50.
453 1111 669 1158 CONTRA
695 1112 932 1158 adverbe.
959 1112 1036 1158 Cf.
1058 1112 1175 1172 plus
1201 1113 1329 1158 haut
1352 1114 1432 1160 44.

309 1229 425 1275 51.
451 1229 530 1276 Do
554 1234 857 1287 sumptum,
886 1243 1298 1277 PRAETERMITTO
1326 1233 1529 1278 delicta
1557 1231 1748 1291 (Don.).

308 1334 423 1380 52.
451 1335 560 1381 PEo
578 1348 686 1382 MEo
710 1349 841 1382 JURE
869 1335 1091 1382 allusion
1118 1336 1147 1381 a
1177 1336 1229 1381 la
1255 1338 1442 1392 patria
1461 1341 1721 1393 potestas.

304 1424 637 1471 CLANCULUM
664 1428 807 1471 elam
834 1439 956 1471 aveo
985 1425 1271 1471 l'accusatif
1293 1426 1682 1472 anoiennement
1700 1440 1794 1487 par
1811 1425 2044 1486 analogio

247 1526 367 1560 aveo
393 1517 570 1560 celare
590 1529 606 1558 .·
632 1514 800 1560 Plaut.
828 1515 982 1560 Mero.
1016 1514 1092 1570 43,
1119 1515 1226 1570 361,
1253 1515 1343 1560 545
1364 1529 1377 1572 3
1405 1514 1593 1574 Amph.
1627 1515 1746 1573 1073
1773 1515 1885 1561 Mil.
1914 1514 2042 1574 glor.
2127 1534 2130 1538 ·

246 1604 365 1661 1123
394 1605 512 1651 Ter.
556 1605 741 1650 Heour.
775 1605 880 1651 396.
908 1630 966 1636 -
991 1605 1173 1659 Quand
1203 1618 1269 1650 on
1295 1606 1472 1651 trouve
1507 1605 1623 1651 chez
1650 1605 1828 1650 Plaute
1855 1607 1904 1650 et
1928 1605 2042 1652 Ter.

247 1695 390 1739 elam
433 1707 534 1749 me,
578 1696 720 1740 elam
757 1698 822 1751 te,
867 1708 932 1739 on
974 1694 1084 1741 doit,
1117 1695 1402 1753 considerer
1441 1707 1523 1741 me
1566 1696 1616 1740 et
1652 1699 1700 1740 te
1738 1708 1933 1741 comme
1957 1695 2045 1741 des

248 1782 539 1827 accusatifs.
559 1782 637 1827 En
655 1781 842 1840 langue
860 1782 1130 1841 classique,
1152 1784 1296 1828 clam
1317 1795 1369 1828 se
1388 1783 1639 1829 construit
1657 1796 1778 1829 aveo
1794 1782 2018 1828 l'ablatif
2030 1795 2042 1831 :

246 1872 392 1918 Caes.
421 1872 489 1935 *de
513 1872 634 1918 bell.
665 1873 759 1918 civ.
786 1872 851 1928 II,
879 1872 956 1927 32,
980 1870 1035 1918 8’;
1066 1874 1209 1918 clam
1229 1874 1372 1918 vobis
1393 1873 1541 1932 (Voy.
1568 1873 1629 1919 R.
1658 1873 1887 1929 Kiihner,
1911 1873 2044 1919 ausf.

248 1962 480 2008 Gramm.
515 1962 617 2007 der.
645 1962 736 2007 lat.
764 1962 877 2021 Spr.
904 1962 970 2018 Π,
998 1961 1117 2020 ξ94,
1146 1976 1195 2021 p.
1218 1962 1343 2018 373).

251 2078 369 2125 56.
604 2079 842 2121 Audacter
869 2079 1003 2121 tanto
1028 2079 1181 2132 magis
1206 2080 1399 2121 audebit
1425 2080 1628 2121 eeteros.

1388 2166 1516 2208 Der.

609 2259 843 2300 Fraudare
864 2260 996 2301 tanto
1023 2260 1174 2312 magis
1199 2260 1391 2301 audebit
1416 2261 1618 2303 ceteros.

1124 2343 1342 2384 Rrrscm..
1366 2344 1536 2383 FLECK.
1563 2343 1739 2384 WAGN.

1327 2469 1338 2480 .
1353 2470 1364 2480 .
1379 2440 1481 2481 .aut

614 2520 820 2562 Audebit
843 2535 852 2562 ε
874 2520 1006 2561 tanto
1032 2520 1184 2574 magis
1208 2520 1400 2562 audebit
1421 2521 1618 2563 ceteros.

1419 2605 1585 2645 KLOTz.

619 2711 646 2758 †
669 2707 763 2749 Aut
781 2701 1129 2749 audebit'tanto
1154 2697 1307 2760 magis
1331 2707 1523 2748 audebit
1548 2707 1746 2748 ceteros.

1448 2788 1597 2829 UMPF.

317 2886 434 2935 57.
461 2886 860 2931 LIBERALITATE
882 2897 985 2929 non
1005 2884 1126 2930 celle
1154 2884 1222 2930 du
1239 2885 1377 2945 pere,
1396 2883 1524 2929 dans
1540 2882 1587 2929 16
1606 2896 1722 2929 sens
1741 2882 1800 2928 de
1819 2884 2049 2939 bonitas,

257 2991 450 3024 comme
475 2977 542 3022 Ρη
569 2991 657 3022 oru
677 2978 706 3021 ἐι
731 2980 832 3022 tort
857 2978 1046 3032 Donat,
1074 2977 1204 3022 mais
1241 2975 1363 3021 celle
1388 2975 1456 3020 du
1479 2974 1576 3020 fils.
1603 2974 1681 3020 Cf.
1708 2974 1797 3019 683
1823 2974 1946 3032 (676,
1973 2988 2049 3033 sq.

259 3069 447 3127 Psioh.)
471 3081 482 3114 ε
512 3082 643 3113 raam
672 3071 960 3126 irzyenium
989 3071 1114 3114 novi
1143 3073 1289 3114 tuom
1308 3069 1582 3124 Liberale3
1609 3066 1766 3111 Andr.
1792 3065 1875 3112 38:
1896 3078 2053 3123 prop-

261 3164 407 3205 terea
435 3160 576 3216 quod
603 3159 842 3203 servibas
879 3159 1205 3203 liberaliter.

318 3248 710 3293 LIBERALITATE
734 3258 947 3291 LissEEos
974 3245 1282 3291 alliteration
1301 3247 1358 3290 ‘et
1382 3244 1768 3290 annominatio
1802 3256 1867 3288 ou
1900 3254 2055 3301 paro-
2109 3283 2112 3286 ,

260 3350 472 3385 nomase
500 3351 510 3382 t
549 3336 973 3396 rapproohement
1010 3336 1070 3381 de
1112 3337 1245 3382 deux
1276 3337 1409 3380 mots
1435 3336 1595 3394 ayant
1620 3333 1670 3378 la
1695 3335 1858 3378 meme
1883 3331 2051 3376 raeine

260 3441 325 3471 ou
355 3426 443 3471 des
467 3425 657 3486 parties
691 3437 1017 3481 communes;
1051 3424 1208 3483 figure
1242 3423 1505 3483 frequente
1532 3421 1649 3466 chez
1675 3396 1748 3466 les
1775 3418 2049 3478 comiques.

260 3517 338 3563 Cf.
365 3515 441 3572 20,
467 3514 572 3571 322,
595 3514 700 3570 668,
726 3513 815 3571 990
837 3515 885 3559 et
909 3515 1079 3558 autres
1108 3513 1308 3573 (Dzia.).
