2332 3814
1052 157 1116 172 *—
1150 148 1269 185 XXIV
1305 164 1371 173 —

311 206 383 257 111,
409 205 449 260 3,
473 206 525 246 72
550 228 590 236 --
619 206 657 257 4,
681 205 705 246 8
1845 199 1923 242 420
1947 225 1992 232 -
2020 201 2098 244 454

564 317 699 364 Illud
724 319 872 372 recte,
899 315 1087 360 iterum
1114 313 1184 359 sic
1210 313 1497 360 memento'.
1543 314 1732 361 Sedulo

563 406 765 460 Mone0‚
792 416 922 464 quae
948 383 1157 462 possum
1183 415 1275 462 pro
1295 415 1406 448 mea
1428 403 1712 463 sapientia3
1765 406 1767 408 ’

564 490 824 536 Postremo
839 490 1104 547 tamquam
1119 488 1173 533 in
1191 487 1455 548 speculum
1473 489 1526 534 in
1544 489 1766 548 patinas,
1785 489 1994 548 Demea,

565 574 818 633 Inspicere
838 574 992 633 jubeo
1016 577 1065 619 et
1090 586 1273 620 moneo
1296 573 1420 633 quid
1445 575 1579 620 facto
1605 588 1732 621 usus
1760 576 1847 623 sit.

491 716 494 718 ,
565 664 745 727 Inepta
770 666 895 712 haec
919 678 1044 722 esse,
1073 677 1167 710 nos
1185 678 1315 725 quae
1341 665 1577 722 facimus,
1606 667 1769 712 sentio
1785 680 1802 725 3
2019 671 2110 717 430

245 1095 381 1140 '80

325 581 377 622 75
418 564 424 570 '

451 931 535 977 SY.

452 1184 548 1230 DE.

333 1604 384 1645 85

337 2062 389 2104 90

328 2632 445 2686 111,4
471 2629 569 2674 HE.

367 3077 393 3116 5

466 3411 564 3455 HE.

567 754 755 800 Verum
780 753 906 813 quid
931 753 1128 800 facias?
1153 756 1210 799 ut
1235 753 1389 800 homo
1415 757 1506 811 est,
1527 754 1600 800 ita
1617 768 1809 801 morem
1832 767 1995 814 geras,

567 841 833 901 Numquid
857 841 936 887 vis
955 840 979 888 ?
1033 841 1135 889 DE.
1175 842 1399 888 Mentem
1423 843 1569 889 vobis
1588 830 1849 890 meliorem
1867 843 1997 900 dari,

570 930 649 976 Tu
676 943 762 976 rus
787 930 907 977 hinc
930 929 1029 976 ibis
1047 929 1070 976 P
1120 930 1222 977 DE.
1262 931 1440 978 Recta.
1503 931 1594 978 SY.
1634 932 1767 978 Nam
1793 931 1916 992 quid
1942 935 1998 978 tu

1516 1006 1598 1051 hic
1621 1019 1759 1065 agas,

569 1095 666 1141 Vbi
693 1095 735 1140 si
754 1095 877 1155 quid
900 1095 1029 1142 bene
1054 1096 1354 1156 praecipias,
1382 1108 1531 1142 nemo
1558 1097 1912 1156 obtemperet?
1967 1126 1971 1130 -

568 1184 675 1244 Ego
697 1197 818 1230 vero
851 1184 971 1230 hinc
1009 1184 1134 1230 abeo
1155 1219 1167 1240 ,
1196 1184 1400 1244 quando
1423 1184 1467 1230 is
1493 1198 1648 1244 quam
1671 1185 1734 1230 ob
1768 1198 1875 1232 rem
1901 1186 2002 1232 huc

1522 1272 1764 1305 veneram
2026 1265 2116 1312 435

571 1349 679 1396 Rus
705 1349 863 1394 abiit:
921 1349 1070 1395 illum
1098 1361 1218 1394 curo
1246 1362 1426 1405 unum,
1452 1348 1539 1396 ille
1565 1349 1629 1395 ad
1647 1363 1727 1396 me
1753 1351 1937 1397 attinet
1955 1363 1973 1410 3

570 1434 784 1489 Quando
806 1435 879 1480 ita
900 1434 1011 1480 volt
1036 1435 1211 1491 frater,
1237 1435 1297 1481 de
1318 1434 1447 1481 istoc
1469 1435 1578 1496 ipse
1607 1436 1810 1484 viderit.

570 1520 670 1566 Sed
696 1520 811 1579 quis
835 1519 940 1565 illic
964 1522 1056 1577 est,
1086 1533 1237 1580 quem
1254 1519 1400 1566 video
1422 1520 1639 1580 procul?
1666 1525 1806 1568 estne
1825 1522 2004 1583 Hegio,

572 1605 798 1652 Tribulis
823 1608 996 1652 noster
1012 1605 1035 1652 ‘l
1091 1606 1134 1652 si
1160 1606 1287 1652 satis
1312 1619 1479 1664 001110,
1505 1607 1549 1653 18
1576 1611 1652 1654 est
1666 1608 1831 1655 hercle
1848 1623 1864 1668 3
1882 1610 2004 1666 vah,

572 1695 740 1741 Homo
766 1695 961 1740 amicus
987 1696 1135 1741 nobis
1155 1696 1264 1755 J'am
1290 1696 1407 1742 inde
1433 1711 1463 1742 a
1485 1711 1658 1757 puero.
1713 1697 1778 1743 Di
1804 1699 1944 1756 boni,
2032 1707 2121 1754 440

574 1785 651 1832 Ne
675 1785 815 1831 illius
840 1786 980 1832 modi
1000 1787 1109 1846 jam
1134 1801 1322 1847 magna
1347 1788 1495 1850 nobis
1522 1789 1711 1835 civium

575 1876 798 1922 Penuria
819 1880 911 1935 est,
940 1881 1155 1940 antiqua
1181 1879 1368 1926 virtute
1392 1893 1450 1925 ac
1473 1880 1588 1926 fide.

577 1963 731 2009 Haud
755 1951 853 2009 cito
877 1963 1002 2009 mali
1027 1964 1151 2024 quid
1177 1967 1346 2010 ortum
1374 1977 1436 2011 ex
1461 1965 1557 2012 hoc
1583 1966 1650 2011 sit
1672 1966 1891 2027 publice.

578 2055 743 2110 Quam
786 2056 982 2114 gaudeo
1008 2057 1017 2102 t
1068 2057 1159 2102 ubi
1184 2058 1340 2104 etiam
1365 2058 1520 2118 hujUs
1545 2059 1740 2118 generis
1767 2059 2010 2120 reliquias

579 2144 790 2190 Restare
815 2145 984 2201 video,
1012 2146 1184 2192 vivere
1210 2147 1363 2192 etiam
1397 2160 1533 2193 1111110
1557 2147 1717 2195 lubet.
2035 2154 2125 2201 445

579 2232 826 2292 Opperiar
865 2233 1125 2279 hommem
1165 2234 1264 2289 1110,
1306 2237 1362 2279 ut
1399 2234 1617 2280 salutem
1640 2239 1689 2282 et
1711 2235 2008 2296 conloquar.

590 2386 820 2436 HEc1o
888 2387 1133 2435 DEMEA
1204 2387 1390 2436 GETA
1461 2386 1887 2454 (PAMPHILA)

737 2491 906 2541 SENEs
954 2506 991 2540 11
1195 2490 1395 2540 Ssnvos
1565 2492 1774 2557 (Vmco)

591 2629 688 2674 Pro
712 2628 762 2674 di
787 2627 1120 2683 immortales,
1150 2627 1349 2673 facinus
1373 2627 1659 2686 indignum,
1686 2629 1841 2676 Geta!

588 2715 719 2769 Quid
744 2713 964 2759 narras?
990 2713 1083 2759 GE.
1106 2713 1186 2759 Sic
1211 2716 1287 2758 est
1312 2713 1522 2758 factum.
1576 2713 1676 2758 ΗΕ.
1701 2715 1778 2759 Ex
1802 2715 1926 2761 illan

1586 2793 1783 2839 familia

587 2886 715 2931 Tam
740 2883 1007 2930 inliberale
1030 2884 1230 2928 facinus
1256 2895 1364 2928 esse
1387 2884 1557 2928 ortum
1580 2882 1588 2927 2
1619 2895 1647 2927 0
1669 2883 1935 2932 Aeschine.

588 2976 679 3021 Pol
701 2976 840 3021 haud
865 2979 1138 3036 paternum
1165 2977 1296 3022 istuc
1322 2976 1522 3021 dedisti.
1574 2976 1669 3020 DE.
1699 2975 1944 3020 Videlicet
2038 2978 2128 3024 450

587 3067 662 3112 De
684 3066 900 3127 psaltria
927 3067 1022 3112 hac
1055 3067 1283 3124 audivit3
1314 3066 1365 3111 id
1392 3065 1467 3111 illi
1494 3078 1630 3110 nunc
1657 3064 1794 3110 dolet

586 3157 784 3211 Alieno,
813 3159 957 3216 pater
984 3156 1092 3214 ejus
1118 3155 1267 3200 nihili
1294 3153 1485 3214 pendit.
1532 3153 1591 3197 Ei
1617 3152 1761 3206 mihi,

584 3249 792 3294 Vtinam
838 3248 918 3292 hic
960 3261 1115 3307 propo
1157 3248 1353 3293 adesset
1391 3245 1580 3290 alicubi
1627 3248 1779 3305 atque
1821 3244 2019 3289 audiret

1624 3319 1779 3364 haec!

583 3410 695 3456 Nisi
735 3409 922 3455 facient
947 3422 1078 3468 quae
1118 3408 1234 3453 illos
1261 3419 1476 3467 aequom
1496 3409 1588 3460 est,
1618 3406 1757 3452 haud
1783 3405 1853 3450 sic
1881 3405 2016 3450 aufe-

1644 3482 1772 3525 rent.
