2332 3814
162 239 520 297 1,1,³o-2,3
1213 301 1218 305 .
1759 233 1958 276 55—83
2051 247 2053 250 ·

174 349 228 418 ³⁰

175 1317 228 1360 40

173 1759 226 1802 45

171 3308 249 3364 1‚2

926 182 990 195 --
1031 170 1204 207 VII-

396 350 531 399 Nam
552 347 642 411 qui
659 346 865 396 mentiri
891 349 980 394 aut
1006 347 1182 395 fallere
1206 345 1425 394 insuerit
1449 346 1667 408 patrem,
1882 341 1941 388 ff.)

397 435 622 483 Audebit
646 436 792 480 tanto
815 434 979 492 magis
1006 434 1246 480 audacter
1271 434 1479 480 ceteros,

397 519 598 567 Pudore
623 522 673 566 et
695 519 1005 565 liberalitate
1026 519 1214 565 liberos

400 610 634 658 Retinere
661 600 823 655 satius
848 623 956 655 esse
982 610 1127 656 credo
1154 623 1309 670 quam
1335 612 1491 656 metu.

400 696 539 742 Haec
564 696 711 742 fratri
735 709 933 741 mecum
959 696 1396 742 non‘conveniunt
1421 708 1584 756 neque
1609 695 1832 756 placent.

398 787 549 833 Venit
576 786 639 832 ad
666 799 746 832 me
774 799 923 846 saepe
949 786 1221 833 clamitans
1250 787 1389 847 ‘quid
1411 786 1563 833 Micio
1581 786 1604 833 ⁶?
1887 781 1946 828 60

399 876 536 931 Quor
555 874 724 935 perdis
750 874 1127 921 adulescentem
1155 875 1340 920 nobis?
1364 888 1492 935 quor
1517 874 1693 921 amat?

399 969 536 1023 Quor
560 967 744 1028 potat?
767 981 895 1027 quor
921 970 976 1013 tu
998 967 1079 1013 his
1106 967 1256 1012 rebus
1280 969 1544 1026 sumptum
1573 966 1802 1027 suggeris
1819 964 1842 1011 ⁰?

398 1056 600 1102 Vestitu
626 1055 784 1101 nimio
811 1035 1317 1129 indulgessjiimium
1343 1054 1548 1115 ineptus
1574 1054 1660 1100 es'.

395 1145 625 1192 Nimium
651 1145 759 1205 ipse
785 1147 861 1190 est
903 1143 1061 1189 durus
1096 1145 1295 1203 praeter
1325 1155 1644 1202 aequomque
1677 1146 1728 1190 et
1756 1143 1841 1189 bo-

1457 1230 1599 1274 num,

396 1311 463 1357 Et
487 1311 621 1356 errat
641 1309 790 1369 longe
814 1322 929 1356 mea
954 1308 1159 1369 quidem
1186 1309 1455 1364 sententia,
1887 1303 1947 1350 65

396 1403 494 1459 Qui
517 1402 790 1463 imperium
816 1403 989 1449 credat
1011 1402 1218 1461 gravius
1241 1414 1350 1447 esse
1374 1403 1464 1446 aut
1490 1399 1726 1446 stabilius

397 1491 461 1538 Vi
486 1491 622 1552 quod
648 1492 722 1547 fit,
747 1504 902 1550 quam
927 1489 1058 1536 illud
1084 1490 1218 1550 quod
1242 1490 1466 1536 amicitia
1491 1490 1806 1550 adengitur.

397 1580 512 1627 Mea
538 1581 609 1626 sic
634 1582 710 1626 est
736 1580 865 1626 ratio
891 1581 942 1625 et
967 1579 1039 1624 sic
1064 1579 1295 1624 animum
1322 1578 1508 1624 induco
1533 1590 1736 1626 meum:

399 1668 537 1716 Malo
560 1670 764 1714 coactus
789 1668 878 1727 qui
902 1680 1048 1713 suom
1071 1666 1298 1711 officium
1326 1665 1466 1722 facit,

400 1757 539 1804 Dum
561 1756 615 1802 id
640 1756 880 1802 rescitum
902 1754 965 1801 iri
990 1754 1165 1810 credit,
1192 1753 1443 1813 tantisper
1466 1755 1620 1813 pavet
1643 1765 1658 1811 3
1886 1754 1945 1799 70

400 1845 454 1892 Si
475 1846 646 1904 sperat
670 1843 777 1889 fore
803 1842 952 1898 clam,
976 1855 1178 1888 rursum
1205 1841 1268 1887 ad
1290 1842 1552 1900 ingenium
1579 1841 1726 1887 redit.

399 1935 493 1982 Ille
518 1948 669 1996 quem
694 1934 939 1980 beneficio
969 1933 1238 1993 adiungas,
1266 1945 1326 1978 ex
1350 1932 1521 1978 animo
1547 1932 1687 1988 facit,

400 2028 581 2075 Studet
606 2040 699 2088 par
724 2027 924 2082 referre,
953 2038 1192 2087 praesens
1222 2025 1507 2084 absensque
1528 2022 1664 2070 idem
1686 2024 1799 2071 erit.

399 2117 508 2164 Hoc
533 2117 757 2178 patrium
782 2119 876 2171 est,
904 2116 1075 2176 potius
1097 2115 1449 2161 consuefacere
1474 2114 1641 2160 filium

401 2206 504 2254 Sua
530 2208 711 2267 sponte
735 2207 867 2252 recte
896 2205 1059 2251 facere
1085 2219 1241 2264 quam
1269 2204 1435 2250 alieno
1459 2207 1597 2250 metu
1621 2217 1635 2262 3
1886 2204 1945 2249 75

400 2296 510 2343 Hoc
535 2298 680 2356 pater
704 2308 762 2341 ac
787 2295 1030 2340 dominus
1057 2295 1271 2340 interest
1292 2308 1301 2340 :
1332 2294 1427 2341 hoc
1453 2294 1542 2354 qui
1560 2294 1754 2354 nequit,

398 2384 645 2431 Fateatur
670 2383 866 2430 nescire
888 2383 1142 2443 imperare
1167 2382 1361 2428 liberis.

403 2500 462 2508 —
487 2473 585 2521 Sed
611 2475 753 2520 estne
780 2473 862 2519 hic
888 2472 1050 2533 ipsus,
1081 2471 1142 2518 de
1157 2484 1258 2532 quo
1272 2471 1485 2530 agebam
1505 2470 1529 2517 *ἲ
1570 2473 1620 2517 et
1636 2473 1767 2518 certe
1795 2471 1839 2517 is

1506 2548 1598 2592 est.

401 2637 584 2686 Nescio
612 2637 737 2699 quid
757 2637 953 2683 tristem
981 2636 1162 2682 video:
1191 2636 1336 2682 credo
1357 2636 1484 2696 jam,
1511 2638 1570 2681 ut
1594 2634 1738 2690 solet,

406 2727 656 2788 Iurgabit.
683 2753 740 2760 —
767 2725 972 2773 Salvom
1001 2728 1049 2771 te
1071 2724 1328 2781 advenire,
1355 2724 1564 2779 Demea,
1883 2724 1942 2771 80

398 2802 716 2849 GaudemuS.

806 2976 1041 3025 DEMEA
1091 2973 1309 3023 Mlclo

945 3138 1108 3173 SENES
1138 3138 1175 3173 11

450 3305 548 3353 DE.
610 3304 771 3351 Ehem
804 3306 1087 3365 opportune
1109 3315 1123 3361 ;
1152 3305 1199 3349 te
1224 3301 1393 3365 ipsum
1420 3303 1673 3364 quaerito,

282 3399 374 3447 Mx.
408 3398 539 3456 Quid
563 3397 725 3445 tristis
750 3395 846 3444 es?
895 3396 991 3443 DE.
1040 3395 1211 3456 Rogas
1246 3395 1368 3444 me?
1402 3396 1499 3443 Vbi
1539 3396 1686 3443 nobis
1719 3396 1838 3443 Aes-

1343 3470 1547 3517 chinust
1574 3470 1599 3517 7

403 3560 645 3644 &Q
666 3561 791 3623 quid
812 3560 974 3608 tristis
989 3572 1081 3620 ego
1098 3559 1196 3608 sim
1213 3559 1237 3607 ἳ
1280 3559 1438 3607 Dixin
1454 3558 1550 3607 hoc
1567 3559 1673 3606 fore
1694 3558 1717 3605 7
