2332 3814
1115 217 1178 226 —
1219 204 1404 241 xlv—-

356 253 410 306 11,
432 253 472 306 3,
491 254 517 294 2
544 276 596 284 -
618 254 670 293 24
1909 262 1987 303 210
2010 285 2056 294 -

598 332 735 379 Bene
760 332 896 379 dicat
916 346 1085 380 secum
1117 345 1226 379 esse
1244 336 1434 382 actum.
1459 360 1517 369 -
1539 335 1671 391 Quid
1689 337 1822 383 istuc
1838 338 2027 385 Sannio

1284 411 1377 466 est,
1406 409 1542 469 quod
1562 412 1613 456 te
1637 411 1788 457 audio

594 496 775 544 Nescio
794 497 915 557 quid
934 499 1250 544 concertasse
1272 511 1387 545 cum
1406 512 1488 545 ero
1505 499 1528 546 ?
1589 500 1674 548 SA.
1725 502 2023 565 Numquam

1434 573 1540 621 vidi
1563 575 1791 636 iniquius

582 660 927 707 Certationem
965 665 1308 723 comparatam
1330 697 1342 721 ,
1369 676 1524 723 quam
1550 664 1674 710 haec
1699 665 1850 712 hodie
1885 666 2020 714 inter

1526 753 1620 786 nos
1645 741 1745 788 fuit
1765 754 1777 790 ε

388 830 413 870 5
578 823 685 882 Ego
709 824 1019 885 vapulando,
1041 825 1128 873 ille
1154 827 1482 885 verberando,
1519 841 1680 888 usque
1725 830 1879 876 ambo
1920 830 2013 876 de-

1425 903 1548 948 fessi
1574 917 1770 951 sumus

457 981 543 1029 SY.
579 982 691 1029 Tua
716 985 883 1045 culpa.
948 987 1034 1032 SA.
1073 987 1205 1042 Quid
1227 987 1485 1034 facerem?
1547 988 1634 1034 SY.
1677 989 2009 1038 Adulescenti

1075 1076 1269 1109 morem
1295 1067 1495 1123 gestum
1522 1066 1770 1124 oportuit.

457 1146 543 1193 SA.
575 1147 672 1202 Qui
695 1149 841 1208 potui
867 1149 1067 1207 melius,
1116 1152 1205 1211 qui
1246 1152 1395 1197 hodie
1439 1165 1601 1211 usque
1642 1165 1699 1198 os
1754 1153 2010 1213 praebui?

1168 1225 1254 1272 ΞΥ.
1304 1226 1429 1284 Age,
1458 1226 1555 1271 scis
1581 1227 1706 1286 quid
1726 1226 1950 1287 loquar?

570 1311 848 1358 Pecuniam
867 1313 920 1359 in
943 1313 1316 1373 loconeclegere
1334 1327 1636 1361 maxumum
1649 1315 1908 1362 interdum
1924 1318 2000 1362 est

1387 1388 1604 1434 lucrum.
1644 1390 1767 1447 Hui,

571 1473 818 1532 Metuisti,
847 1475 889 1520 si
914 1489 1051 1521 nunc
1068 1475 1127 1521 de
1144 1478 1231 1521 tuo
1246 1476 1358 1535 jure
1378 1476 1712 1521 concessisses
1731 1477 2006 1537 paululum

358 1590 407 1632 10
569 1567 899 1614 Adulescenti
935 1582 1070 1614 esses
1116 1569 1453 1627 morigeratus
1480 1604 1492 1627 ‚
1536 1570 1807 1616 hominum
1848 1570 2002 1616 homo

1418 1642 1763 1702 'stultissume‚

569 1735 643 1783 Ne
664 1748 768 1781 non
797 1737 890 1782 tihi
914 1737 1046 1783 istuc
1077 1738 1374 1783 foeneraret.
1438 1737 1521 1783 SE.
1559 1738 1665 1796 Ego
1684 1751 1824 1798 spem
1843 1737 2005 1798 pretio

1505 1825 1609 1858 non
1635 1826 1767 1858 em0.

451 1899 537 1946 ΞΥ.
571 1899 868 1961 Numquam
893 1915 999 1948 rem
1023 1902 1209 1948 facies:
1239 1901 1340 1958 abi,
1368 1903 1594 1948 inescare
1634 1902 1799 1948 nescis
1831 1902 2002 1949 homi-

1423 1990 1528 2033 nes,
1556 1977 1764 2024 Sannio.

450 2067 536 2113 SA.
572 2068 736 2115 Credo
786 2069 918 2114 istuc
959 2069 1141 2115 melius
1181 2082 1320 2126 esse3
1362 2082 1541 2116 verum
1583 2082 1674 2128 ego
1716 2082 2000 2130 numquam

1291 2144 1417 2189 adeo
1443 2146 1645 2189 astutus
1671 2144 1764 2201 fui,

567 2231 700 2286 Quin
727 2231 982 2292 quidquid
1006 2246 1208 2292 possem
1251 2231 1457 2276 mallem
1495 2231 1694 2276 auferre
1735 2229 1906 2289 potius
1945 2230 2000 2275 in

1457 2304 1762 2364 praesentia.

352 2413 401 2456 15
446 2393 532 2440 SY.
567 2395 674 2455 Age
700 2397 821 2443 novi
850 2398 993 2441 tuom
1025 2395 1256 2440 animum
1274 2407 1289 2452 3
1318 2393 1466 2454 quasi
1498 2393 1607 2452 Jam
1647 2405 1868 2452 usquam
1905 2391 1999 2438 tihi

1233 2468 1337 2513 sint
1362 2468 1548 2527 viginti
1573 2467 1760 2523 minae,

562 2558 699 2606 Dum
733 2559 852 2605 huic
891 2558 1189 2618 obsequare.
1239 2556 1505 2602 Praeterea
1550 2557 1723 2602 autem
1759 2557 1805 2600 te
1849 2554 1998 2614 ajunt

851 2631 1102 2694 proficisci
1126 2631 1376 2691 Cyprum.
1396 2665 1437 2679 ..
1487 2629 1579 2678 SA.
1625 2628 1792 2693 Ena-Q

450 2725 538 2771 ΞΥ.
573 2723 831 2771 Coemisse
858 2722 978 2768 hinc
1003 2734 1133 2781 quae
1174 2719 1298 2766 illuc
1336 2719 1546 2766 veheres
1586 2718 1768 2775 multa,
1811 2730 1995 2764 navem

1143 2794 1443 2840 conductam
1458 2806 1475 2852 3
1501 2793 1614 2850 hoc,
1638 2793 1757 2850 scio,

567 2890 785 2936 Animus
809 2889 901 2934 tibi
923 2887 1130 2948 pendet.
1187 2886 1286 2932 Vbi
1321 2884 1462 2931 illinc
1488 2896 1632 2944 spero
1676 2882 1882 2928 redieris
1924 2885 1994 2927 ta·

1327 2973 1461 3016 men,
1490 2959 1584 3005 1106
1610 2971 1749 3018 ages,

453 3058 539 3103 SA.
563 3056 833 3115 Nusquam
854 3054 1057 3114 pedem.
1126 3051 1258 3098 Perii
1281 3049 1478 3107 hercle3
1516 3049 1612 3095 hac
1650 3046 1727 3094 illi
1767 3058 1857 3107 spe
1897 3046 1992 3092 hoc

1043 3127 1364 3187 inceperunt.
1434 3125 1526 3171 ΞΥ.
1556 3123 1723 3169 Timet
1738 3135 1754 3180 3

563 3221 721 3282 Injeci
765 3218 1063 3279 scrupulum
1106 3215 1322 3264 homini.
1392 3214 1481 3262 SA.
1528 3214 1569 3261 Ο
1607 3212 1826 3261 scelera!
1854 3211 1991 3258 Illud

342 3240 394 3287 ‘20

1621 3288 1754 3346 vide,

560 3391 625 3438 Vt
649 3390 703 3436 in
725 3389 836 3450 ipso
859 3386 1073 3433 articulo
1099 3385 1379 3446 oppressit:
1445 3384 1644 3444 emptae
1669 3379 1907 3426 mulieres

2060 186 2159 350 ²332

2065 419 2155 468 210

2054 1237 2145 1285 215
2183 1283 2191 1289 .

560 3476 860 3538 Complures
884 3478 934 3523 et
957 3476 1078 3521 item
1104 3475 1222 3520 hinc
1247 3473 1349 3519 alia
1386 3483 1516 3532 quae
1548 3470 1694 3541 porto
1729 3467 1979 3529 Cyprum.
2027 3473 2118 3524 230
2166 3504 2170 3508 .

557 3566 671 3613 Nisi
687 3579 744 3613 eo
760 3564 824 3611 ad
842 3566 1122 3611 mercatum
1137 3563 1305 3620 veni0‚
1319 3561 1564 3609 damnum
1573 3568 1874 3606 maxumum
1893 3557 1986 3603 est.

558 3661 708 3710 Nunc
735 3661 777 3706 si
802 3658 898 3705 hoc
924 3655 1102 3704 omitto
1130 3668 1187 3701 ac
1213 3657 1321 3700 tum
1340 3664 1489 3711 agam
1508 3649 1596 3697 ubi
1617 3649 1758 3696 illinc
1776 3647 1983 3706 rediero,
