2332 3814
445 164 451 172 '
900 159 1223 196 —xmn—

165 213 497 271 v‚1‚20-3‚
546 213 575 255 6
1716 208 1967 251 874—894

178 331 232 390 20
398 330 554 377 Illum
578 332 636 376 ut
669 329 816 375 vivat
854 330 1053 390 optant,
1083 342 1251 376 meam
1294 331 1467 375 autem
1503 329 1722 374 mortem
1749 339 1832 372 ex-

1118 405 1351 462 spectant
1375 401 1587 448 scilicet.

396 494 476 541 Ita
501 508 586 541 eos
611 507 724 540 meo
749 493 922 539 labore
944 494 1153 541 eductos
1177 507 1420 540 maxumo
1445 494 1528 540 hic
1566 493 1684 540 fecit
1712 506 1833 538 suos
1908 485 1968 531 75)

395 584 555 631 Paulo
591 587 835 645 sumptu:
882 585 1141 631 miseriam
1185 597 1391 631 omnem
1424 595 1516 642 ego
1543 582 1707 643 capi0‚
1750 582 1832 628 hic

1154 657 1349 717 potitur
1373 656 1582 717 gaudia.

394 750 519 809 Age,
547 763 640 810 age
674 749 914 796 nunciam
940 749 1264 810 experiamur
1300 751 1493 803 contra,
1535 746 1716 807 ecquid
1739 759 1831 806 ego

1372 834 1594 881 posslem

393 913 588 960 Blande
615 915 778 962 dicere
804 918 895 961 aut
919 916 1140 976 benigne
1166 917 1349 973 facere,
1379 915 1584 978 quando
1611 914 1706 960 hoc
1720 926 1831 974 pro—

1416 992 1586 1035 vocat.

173 1083 227 1125 25
392 1075 500 1134 Ego
533 1089 735 1136 quoque
768 1090 799 1122 a
831 1076 957 1122 meis
984 1090 1064 1123 me
1089 1078 1252 1123 amari
1278 1080 1327 1124 et
1369 1077 1545 1136 magni
1575 1078 1683 1123 fieri
1717 1088 1830 1136 pos-

1455 1152 1584 1199 tulo.

393 1239 445 1285 Si
468 1239 520 1286 id
547 1241 603 1286 fit
629 1241 798 1287 dando
831 1243 984 1303 atque
1020 1243 1368 1303 obsequendO,
1403 1256 1507 1289 non
1537 1242 1830 1304 posterioris
1877 1308 1967 1355 880

1410 1316 1592 1362 feram.

392 1402 602 1451 Deerit:
642 1404 693 1450 id
731 1419 844 1452 mea
896 1407 1122 1452 minume
1162 1419 1215 1452 re
1270 1407 1385 1463 fert,
1428 1406 1517 1467 qui
1551 1419 1664 1452 sum
1705 1410 1831 1451 natu

1286 1493 1584 1526 maxumus.

762 1615 992 1665 SYRVS
1097 1616 1340 1664 DEMEA

785 1717 986 1768 SERvos
1133 1719 1304 1768 SENEx

175 1861 226 1901 V
273 1853 359 1900 SY.
388 1853 530 1898 Heus
551 1853 759 1907 Demea,
783 1855 895 1898 orat
915 1854 1072 1900 frater
1096 1867 1158 1900 ne
1183 1854 1337 1899 abeas
1357 1853 1582 1913 longius,

188 1939 222 1981 2
269 1939 371 1987 DE.
403 1939 528 1994 Quis
555 1939 746 1985 homo?
770 1940 811 1986 O
849 1940 974 1998 Syre
1012 1944 1201 1996 noster,
1229 1941 1403 1998 salve3
1431 1941 1554 2000 quid
1584 1941 1675 1988 fit?
1704 1942 1826 2001 quid

1073 2033 1079 2038 ·
1386 2015 1590 2074 agitur?

269 2099 361 2146 SY.
396 2099 563 2145 Recte.
592 2100 689 2147 DE.
717 2101 935 2160 Optume
962 2104 1054 2147 est.
1081 2129 1136 2134 —
1161 2102 1271 2148 lam
1297 2117 1433 2148 nunc
1459 2104 1584 2150 haec
1611 2105 1707 2149 tria
1727 2104 1823 2165 pri—

1245 2189 1387 2221 mum
1415 2176 1588 2222 addidi

387 2258 591 2305 Praeter
615 2263 853 2307 naturam
881 2274 891 2307 :
921 2264 967 2306 ίο
995 2265 1183 2317 noster,
1211 2262 1334 2322 quid
1361 2263 1434 2319 fit,
1467 2263 1590 2323 quid
1620 2263 1823 2322 agitur?
1869 2260 1959 2306 88)

194 2357 220 2397 5
386 2352 597 2398 Servom
616 2352 756 2399 haud
782 2352 1100 2399 inliberalem
1117 2354 1330 2413 praebes
1356 2357 1422 2410 te,
1449 2358 1499 2400 et
1530 2355 1622 2400 tibi

386 2440 593 2487 Lubens
617 2441 747 2488 bene
773 2442 954 2489 faxim.
1000 2442 1091 2488 SY.
1122 2442 1353 2488 Gratiam
1381 2443 1562 2489 habeo,
1613 2443 1703 2489 Dm.
1740 2444 1822 2489 At-

1302 2518 1409 2578 qui,
1437 2518 1580 2577 Syre,

383 2601 492 2647 Hoc
516 2615 693 2649 verum
726 2606 803 2649 est
827 2603 1006 2662 etipsa
1032 2616 1083 2649 re
1109 2602 1365 2663 experiere
1391 2603 1707 2663 propediem.

671 2763 842 2814 Gau
915 2764 1140 2813 Deum
1221 2763 1419 2815 Srnvs

658 2870 860 2922 Smwos
937 2871 1110 2920 SENEx
1223 2871 1423 2921 Smwos

165 3015 216 3056 V
259 3008 359 3056 Ga.
392 3008 511 3064 Era,
534 3021 625 3066 ego
650 3007 751 3053 huc
775 3008 839 3053 ad
865 3007 959 3054 hos
984 3009 1206 3067 proviso,
1242 3022 1398 3069 quam
1421 3023 1539 3056 mox
1566 3010 1816 3070 virginem

183 3080 215 3123 3
378 3083 674 3129 Accersant.
706 3107 765 3115 —
789 3082 886 3128 Sed
912 3095 1084 3128 eccum
1109 3083 1369 3130 Demeam.
1390 3083 1570 3131 Salvos
1591 3086 1707 3132 sies.
1861 3082 1952 3128 890

262 3169 358 3215 DE.
385 3170 426 3217 O
467 3170 555 3231 qui
590 3182 771 3216 vocare
796 3170 820 3216 ?
881 3170 976 3216 GE.
1004 3170 1147 3217 Geta.
1211 3170 1308 3217 De.
1355 3171 1501 3223 Geta.
1550 3174 1811 3221 hominem

1344 3258 1576 3292 maxumi

380 3332 515 3380 Preti
537 3337 584 3379 te
609 3346 719 3380 esse
745 3333 895 3379 hodie
916 3333 1144 3394 judicavi
1178 3334 1350 3380 animo
1374 3348 1487 3382 meo
1519 3351 1531 3381 ε

187 3460 214 3500 5
375 3451 507 3499 Nam
533 3453 578 3498 is
600 3453 727 3499 mihi
752 3452 978 3513 profecto
1004 3455 1080 3499 est
1105 3465 1282 3500 servos
1304 3456 1564 3515 spectatus
1590 3455 1736 3510 satiS,

375 3537 505 3593 Quoi
529 3540 769 3586 dominus
794 3552 945 3586 curae
970 3543 1066 3596 est,
1091 3540 1165 3586 ita
1190 3541 1266 3587 uti
1290 3541 1384 3588 tibi
1406 3542 1560 3597 sensi,
1589 3542 1734 3597 Geta,
