2332 3814
232 227 628 288 1v‚1o,53-68
820 206 822 209 ’
991 193 1055 202 “
1095 179 1282 215 m—
1794 214 2048 271 839-'854

466 337 701 397 Exporge
725 336 965 383 frontem.
1030 337 1127 384 ΒΕ.
1162 336 1362 384 Scilicet
1385 336 1461 383 ita
1486 338 1687 397 tempus
1715 335 1814 381 sert
1828 348 1843 392 3

470 426 791 474 Faciundum
816 429 909 473 est.
974 427 1213 474 Ceterum
1235 439 1328 487 ego
1353 439 1440 473 rus
1461 439 1572 472 cras
1598 438 1714 471 cum
1739 424 1845 470 filio
1949 421 2040 468 840

251 517 307 560 55
469 516 599 562 Cum
633 515 799 576 primo
834 515 937 562 luci
973 516 1059 562 ibo
1095 516 1233 563 hinc.
1296 515 1388 563 M1.
1414 515 1489 562 De
1513 517 1660 561 nocte
1682 527 1861 560 censeo
1889 525 1902 561 :

469 606 634 652 Hodie
659 606 810 653 modo
835 606 1059 653 hilarum
1087 607 1168 654 fac
1197 610 1262 654 te.
1324 607 1422 654 ΒΕ.
1461 606 1529 653 Et
1563 605 1718 652 istam
1757 604 1904 666 psal-

1509 680 1663 726 triam

469 771 582 818 Vna
618 769 742 817 illuc
781 783 981 817 mecum
1022 770 1141 817 hinc
1181 770 1497 817 abstraham.
1559 770 1650 816 M1.
1694 768 1906 829 Pugna-
1950 768 1952 770 ’

1514 856 1664 890 vens.

472 932 546 977 Eo
568 933 717 992 pacto
741 943 978 992 prorsum
1003 930 1082 977 illi
1105 929 1332 990 alligaris
1358 929 1539 976 filium.

469 1022 622 1069 Modo
640 1022 795 1069 facito
821 1023 881 1068 ut
904 1021 1050 1068 illam
1073 1035 1261 1069 serveS.
1325 1022 1421 1068 DE.
1443 1022 1552 1082 Ego
1564 1021 1698 1090 istuc
1712 1022 1903 1068 videm.
1952 1014 2043 1061 845

253 1109 308 1152 60
470 1109 639 1170 Atque
662 1109 735 1156 ibi
760 1109 970 1156 favillae
994 1109 1166 1170 plena,
1195 1109 1327 1156 fumi
1352 1123 1410 1155 ac
1444 1109 1656 1170 pollinis

469 1198 747 1258 Coquendo
774 1197 841 1244 sit
863 1198 984 1244 faxo
1012 1201 1062 1244 et
1082 1198 1319 1244 molendo
1336 1211 1352 1257 3
1380 1202 1581 1259 praeter
1605 1199 1731 1246 haec

470 1285 680 1345 Meridie
701 1285 814 1344 ipso
838 1284 1025 1330 faciam
1050 1286 1109 1330 ut
1134 1283 1378 1345 stipulam
1405 1284 1612 1344 colligat
1632 1299 1647 1344 3

471 1373 599 1420 Tam
636 1374 898 1419 excoctam
940 1372 1148 1417 reddam
1186 1374 1340 1431 atque
1382 1375 1547 1418 atram
1572 1386 1728 1433 quam
1754 1373 1906 1420 carbo

1185 1449 1280 1492 est.
1343 1446 1434 1492 Mr.
1461 1445 1638 1493 Placet
1652 1460 1668 1506 3

470 1539 620 1586 Nunc
659 1538 786 1584 mihi
822 1537 996 1584 videre
1033 1550 1226 1598 sapere.
1288 1538 1457 1597 Atque
1481 1537 1718 1597 equidem
1742 1537 1907 1584 filium
1956 1530 2046 1576 850

256 1631 311 1675 65
473 1628 606 1673 Tum
653 1628 808 1672 etiam
850 1627 893 1672 si
920 1625 1050 1672 nolit
1071 1638 1250 1685 cogam
1274 1630 1333 1673 ut
1356 1640 1471 1690 cum
1495 1626 1586 1673 illa
1610 1641 1715 1673 una
1740 1628 1907 1674 cubet.

355 1713 453 1762 ΒΕ.
480 1712 731 1760 Derides?
775 1712 1110 1766 Fortunam&
1143 1712 1232 1771 qui
1255 1713 1354 1758 isto
1379 1713 1551 1759 animo
1577 1713 1706 1760 sies!

474 1799 583 1858 Ego
636 1798 818 1845 sentio.
894 1798 984 1843 M1.
1034 1798 1135 1853 Ah,
1177 1798 1460 1858 pergisne?
1520 1799 1617 1845 ΒΕ.
1658 1799 1768 1846 Iam
1801 1799 1909 1859 Jam

1474 1873 1669 1920 desino,

355 1958 446 2005 M1.
474 1958 499 2004 I
542 1968 659 2018 ergo
691 1958 844 2015 iutro,
886 1960 936 2004 et
961 1957 1080 2017 quoi
1105 1957 1175 2003 rei
1198 1959 1290 2015 est,
1317 1957 1362 2003 ei
1386 1958 1457 2004 rei
1480 1958 1618 2004 hunc
1643 1972 1909 2006 sumamus

1517 2033 1667 2080 diem.
