2332 3814
1034 186 1098 197 ···
1134 172 1240 208 XXII
1283 186 1347 197 —·
1794 204 1800 205 i

295 259 371 309 111,
390 259 433 308 3,
454 260 503 300 12
523 283 571 289 -
596 229 648 300 413,
1831 258 1909 300 366
1932 280 1983 289 -
2001 257 2079 300 397

523 374 610 422 Nil
634 375 908 435 quicquam
932 373 1038 419 vidi
1060 372 1266 419 laetius.
1326 371 1427 419 DE.
1468 373 1565 419 Pro
1592 373 1843 434 Iuppiter,

524 464 763 510 Hominis
789 462 1092 508 stultitiam!
1150 460 1242 508 SY.
1281 460 1624 508 Conlaudavit
1648 463 1812 508 filium
1829 476 1844 521 3

524 554 669 610 Mihi,
698 553 786 612 qui
809 553 863 598 id
887 552 1140 598 dedissem
1166 550 1456 606 consilium,
1485 551 1588 611 egit
1613 553 1826 611 gratias.

406 643 502 689 DE.
526 642 851 701 Disrumpor.
915 641 1006 688 SY.
1046 640 1331 699 Argentum
1357 642 1713 688 adnumeravit
1736 642 1852 688 ilico
1869 655 1885 701 3

524 729 677 775 Dedit
701 731 962 788 praeterea
987 728 1041 773 in
1070 730 1338 787 sumptum
1365 728 1635 774 dimidium
1661 729 1831 775 minae
1848 742 1863 786 3

309 608 359 649 15

1997 694 2087 741 370

525 818 585 863 Id
605 817 937 863 distributum
964 831 1085 863 sane
1111 820 1187 863 est
1226 831 1288 863 ex
1325 818 1599 866 sententia.
1661 819 1761 865 DE.
1802 819 1952 875 Hem,

525 906 659 951 Huic
684 906 913 962 mandes,
940 906 1110 965 siquid
1135 909 1268 952 recte
1294 909 1527 953 curatum
1549 907 1698 954 veliS.

406 996 492 1043 ΞΥ.
519 996 682 1042 Ehem
716 996 924 1051 Demea,
959 996 1100 1042 haud
1136 1010 1435 1056 aspexeram
1467 999 1537 1045 te.
1582 997 1715 1052 Quid
1744 996 1956 1056 agitur?

306 1060 358 1101 2⁰
406 1085 504 1132 DE.
525 1085 657 1141 Quid
680 1088 863 1144 agatur
880 1085 903 1130 ἵ)
954 1087 1180 1131 vostram
1207 1098 1403 1146 nequeo
1429 1086 1605 1131 mirari
1631 1087 1756 1131 satis

525 1176 818 1223 Rationem.
882 1176 973 1222 SY.
1013 1176 1107 1222 Est
1130 1172 1298 1223 hercle
1323 1180 1515 1237 inepta,
1542 1191 1605 1223 ne
1626 1177 1792 1223 dicam
1811 1178 1945 1235 dolo,
2001 1145 2090 1192 375

525 1268 785 1314 Absurda.
819 1294 877 1300 —
909 1267 1068 1314 Piscis
1091 1271 1282 1314 ceteros
1306 1282 1487 1328 purga,
1516 1268 1738 1327 Dromo3

527 1355 787 1414 Congrum
819 1354 977 1400 istum
1004 1369 1306 1402 maxumum
1332 1357 1382 1402 in
1425 1370 1560 1417 aqua
1595 1358 1747 1402 sinito
1784 1357 1957 1402 ludere

528 1447 832 1505 Tantisper-3
860 1446 950 1492 ubi
975 1460 1066 1505 ego
1093 1446 1304 1502 rediero,
1330 1447 1651 1493 exossabitur
1667 1460 1682 1505 3

309 1507 361 1548 ²5
527 1536 674 1582 Prius
693 1535 834 1582 nolo.
874 1536 976 1583 DE.
1017 1537 1212 1583 Haecin
1241 1538 1465 1596 flagitia!
1494 1537 1584 1584 sv.
1630 1537 1703 1583 Mi
1722 1538 1956 1597 equidem

1373 1625 1476 1657 non
1500 1611 1719 1671 placent,

526 1701 591 1746 Et
617 1700 780 1747 clamo
807 1714 978 1768 saepe.
1004 1728 1061 1735 -—
1086 1701 1407 1748 Salsamenta
1431 1703 1572 1759 haec,
1601 1702 1896 1762 Stephanio,
2003 1671 2093 1718 380

525 1789 628 1834 Fac
653 1792 975 1835 macerentur
998 1789 1232 1850 pulchre.
1295 1790 1397 1836 DE.
1437 1790 1503 1835 Di
1526 1792 1755 1836 vostram
1783 1789 1954 1847 fidem,

525 1881 707 1926 Vtrum
740 1880 977 1925 studione
1003 1881 1056 1925 id
1082 1880 1180 1925 sibi
1200 1880 1358 1926 habet
1383 1893 1448 1925 an
1471 1880 1615 1926 laudi
1638 1883 1788 1940 putat

523 1967 670 2022 Fore,
698 1967 740 2012 si
762 1966 1038 2026 perdiderit
1064 1969 1278 2025 gnatum
1301 1966 1324 2012 ἵ)
1378 1979 1471 2012 vae
1494 1967 1678 2012 misero
1711 1965 1865 2012 mihil

304 2027 356 2068 3⁰
520 2054 704 2100 Videre
731 2053 909 2099 videor
930 2054 1038 2113 jam
1065 2053 1199 2099 diem
1224 2053 1390 2110 illum,
1419 2067 1574 2113 quom
1598 2053 1717 2099 hinc
1747 2065 1898 2112 egens

525 2146 789 2204 Profugiet
812 2146 984 2206 aliquo
1010 2146 1312 2195 militatum.
1338 2199 1343 2203 ¹
1376 2147 1466 2194 SY.
1507 2147 1548 2193 Ο
1573 2147 1763 2192 Demea
1783 2181 1795 2203 ,
2004 2114 2094 2161 385

525 2232 665 2278 Istuc
691 2235 768 2277 est
795 2245 988 2292 sapere,
1016 2246 1118 2278 non
1143 2233 1280 2292 quod
1306 2235 1423 2278 ante
1449 2233 1600 2292 pedes
1623 2232 1775 2277 modo
1801 2235 1877 2277 est

525 2325 721 2380 Videre,
750 2324 838 2370 sed
864 2324 1018 2370 etiam
1044 2324 1134 2369 illa
1160 2338 1290 2384 quae
1314 2324 1489 2369 futura
1515 2326 1637 2368 sunt

525 2409 837 2469 Prospicere.
901 2410 1001 2457 DE.
1042 2410 1173 2464 Quid
1189 2409 1212 2455 ?
1235 2410 1390 2455 istaec
1404 2410 1510 2469 Jam
1536 2421 1690 2468 penes
1715 2421 1806 2453 vos
1823 2407 1956 2468 psal-

1478 2483 1574 2529 tria
1600 2485 1677 2528 est
1695 2482 1718 2528 ‘2'

406 2570 492 2618 SY.
520 2571 690 2617 Ellam
730 2571 894 2618 intus,
958 2570 1059 2617 DE.
1111 2570 1240 2626 Eho,
1269 2584 1335 2615 an
1368 2570 1506 2615 domi
1527 2572 1603 2615 est
1642 2567 1956 2614 habiturus?

1232 2645 1322 2691 SY.
1355 2643 1533 2699 Credo,
1561 2647 1619 2689 ut
1643 2646 1719 2689 est

523 2730 815 2776 Dementia.
876 2729 978 2776 DE.
1019 2729 1215 2774 Haecin
1243 2729 1381 2774 fieri!
1426 2728 1517 2774 SY.
1558 2727 1738 2787 Inepta
1770 2728 1955 2774 lenitas

524 2815 691 2860 Patris
710 2818 759 2860 et
783 2813 1004 2859 facilitas
1031 2827 1211 2874 prava.
1276 2813 1376 2859 DE.
1416 2813 1612 2859 Fratris
1638 2826 1718 2858 me
1743 2813 1951 2871 quidem

524 2904 686 2949 Pudet
715 2905 976 2964 pigetque.
1018 2903 1108 2949 SY.
1140 2903 1371 2948 Nimium
1398 2903 1529 2947 inter
1553 2915 1660 2957 vos,
1689 2901 1878 2947 Demea
1897 2928 1953 2934 ——

305 2539 357 2581 35

2001 2696 2092 2743 390

523 2997 638 3042 Non
662 2996 783 3055 quia
808 2996 928 3041 ades
954 3008 1195 3055 praesens
1210 2995 1320 3041 dico
1346 2995 1441 3040 hoc
1466 3021 1508 3027 —
1546 2994 1854 3054 pernimium
1880 2994 1954 3039 in-

1512 3072 1587 3114 ter
1612 3071 1708 3115 est.

302 3176 355 3216 40
524 3160 622 3216 Tu,
650 3161 877 3218 quantus
901 3160 1144 3217 quantus',
1174 3156 1248 3202 nil
1275 3156 1373 3202 nisi
1397 3157 1648 3216 sapientia
1674 3170 1742 3211 es,

522 3247 615 3293 Ille
642 3247 924 3293 somnium.
961 3246 1098 3291 Num
1126 3245 1317 3290 sineres
1342 3258 1460 3290 vero
1486 3244 1633 3290 illum
1662 3247 1802 3290 tuom
1999 3259 2089 3306 395

515 3339 701 3385 Facere
723 3338 847 3384 haec
865 3338 887 3383 ⁶?
934 3338 1030 3384 DE.
1058 3339 1285 3384 Sinerem
1310 3336 1455 3382 illum
1476 3335 1499 3382 ἵ)
1525 3338 1613 3381 aut
1644 3349 1747 3381 non
1769 3349 1856 3382 sex
1883 3338 1952 3381 to-

1366 3411 1431 3456 tis
1454 3410 1715 3456 mensibus

520 3504 667 3550 Prius
692 3503 993 3557 olfecissem,
1022 3514 1176 3562 quam
1202 3500 1290 3546 ille
1320 3500 1594 3563 quicquam
1621 3497 1890 3562 coeperet?
