2332 3814
161 236 282 302 ης,
304 235 360 280 23
379 234 492 289 —5,
514 233 565 276 18
715 217 717 222 ’
910 195 974 206 -
1012 182 1108 217 va
1143 195 1210 206 -
1704 231 1780 302 921
1811 253 1854 262 -
1883 231 1960 273 941

395 340 561 394 Quam
586 337 730 384 illam
754 351 1056 398 puerperam
1081 338 1176 384 hac
1199 349 1336 383 nunc
1360 335 1478 382 duci
1502 347 1588 395 per
1607 335 1749 382 viam

394 428 688 488 Aegrotam.
751 426 848 472 ΑΕ.
875 426 961 472 Nil
986 439 1124 472 emm
1148 426 1255 473 vidi
1278 425 1481 481 meliuS,
1507 424 1579 471 mi
1603 427 1765 484 pater.

177 515 234 560 25
277 517 375 565 DE.
402 515 483 564 Sic
507 513 661 562 soleo.
726 514 824 561 Sed
849 527 1021 561 eccum
1048 514 1198 560 Micio
1222 513 1477 574 egreditur
1501 514 1657 561 foras.

539 706 766 767 Mrc1o
834 716 1083 766 DEMEA
1150 703 1576 768 As'scnmvs

687 825 856 876 SENES
897 840 935 876 11
1205 827 1548 878 ADVLESCENS

185 989 238 1041 V
283 990 374 1038 Mt.
399 990 549 1037 Iubet
572 990 766 1037 frater?
796 990 892 1038 Vbi
911 991 955 1036 is
974 992 1052 1037 est
1069 990 1092 1037 ἲ
1111 1017 1168 1024 -
1186 991 1301 1037 Tun
1313 991 1464 1051 jubes
1481 991 1595 1048 hoc,
1614 991 1839 1039 Demea?

208 1080 241 1123 5
285 1079 384 1127 ΒΕ.
410 1079 520 1139 Ego
537 1092 656 1126 vero
676 1078 832 1139 jubeo
858 1081 908 1125 et
931 1079 1028 1125 hac
1053 1092 1107 1125 re
1130 1081 1180 1125 et
1204 1079 1319 1125 aliis
1345 1080 1588 1126 omnibus
1818 1097 1820 1099 ¹
1882 1081 1973 1130 925

402 1171 567 1226 Quam
584 1183 824 1217 maxume
859 1183 1021 1216 unam
1045 1170 1210 1216 facere
1223 1183 1318 1216 nos
1343 1170 1476 1216 hanc
1504 1169 1776 1227 familiam,

405 1260 599 1317 Colere,
619 1260 879 1320 adjuvare,
895 1260 1187 1320 adjungere.
1224 1260 1322 1307 ΑΕ.
1343 1261 1424 1308 Ita
1442 1275 1650 1321 quaeso,
1675 1263 1838 1322 pater.

219 1352 248 1395 5
289 1346 379 1395 M1.
405 1346 561 1393 Haud
598 1346 747 1393 aliter
785 1359 982 1393 cense0.
1028 1346 1131 1394 Die.
1176 1346 1341 1393 Immo
1378 1347 1546 1393 hercle
1577 1347 1654 1393 ita
1691 1347 1842 1394 nobis

1429 1421 1602 1469 decet:

408 1510 640 1556 Primum
680 1509 836 1570 hujus
863 1510 1011 1556 uxori
1053 1511 1129 1555 est
1161 1512 1346 1557 mater.
1403 1509 1499 1556 M1.
1546 1509 1673 1568 Est3
1720 1508 1845 1570 quid

1394 1584 1596 1644 postea.

292 1671 395 1720 DE.
442 1671 610 1718 Proba
649 1674 700 1717 et
738 1670 992 1718 modesta.
1057 1670 1152 1718 M1.
1200 1671 1280 1717 Ita
1327 1670 1495 1731 ajunt.
1543 1669 1648 1717 DE.
1705 1670 1846 1717 Natu

1337 1742 1600 1803 grandior.
1892 1746 1983 1793 930

294 1831 391 1881 M1.
431 1831 568 1880 Scio.
621 1831 724 1878 DE.
772 1831 955 1877 Parere
990 1830 1099 1890 jam
1137 1830 1225 1876 diu
1262 1830 1387 1876 haec
1411 1843 1501 1889 per
1541 1842 1706 1876 annos
1743 1841 1847 1875 non

1423 1906 1611 1964 potest,

413 1996 519 2044 Nec
542 1996 632 2057 qui
658 2009 772 2050 eam
790 1995 1028 2055 respiciat
1046 1995 1321 2054 quisquam
1342 1996 1452 2052 est,
1481 1993 1591 2040 sola
1615 1995 1714 2040 est.
1754 1992 1847 2040 M1.

896 2079 899 2082 ·
1037 2068 1203 2123 Quam
1234 2067 1318 2114 hic
1334 2080 1441 2114 rem
1466 2067 1573 2127 agit
1588 2065 1613 2113 7

204 2160 256 2205 10
298 2159 402 2208 ΒΕ.
430 2158 645 2205 Hancte
681 2170 897 2218 aequom
930 2159 1007 2203 est
1041 2156 1240 2215 ducere,
1279 2159 1330 2202 et
1353 2159 1402 2203 te
1431 2168 1638 2216 operam
1664 2157 1723 2201 ut
1758 2155 1851 2200 fiat

1463 2229 1606 2277 dare.

300 2319 396 2368 Mi.
426 2318 509 2366 Me
532 2318 714 2365 ducere
738 2317 947 2364 autem?
985 2317 1086 2364 DE.
1120 2316 1208 2362 Te.
1253 2315 1349 2363 M1.
1383 2314 1503 2362 Me?
1542 2315 1641 2361 DE.
1661 2313 1748 2370 Te,
1776 2313 1851 2359 in-

458 2406 637 2452 quam.
670 2390 766 2438 Mi.
795 2390 1011 2451 Ineptis.
1054 2390 1151 2436 DE.
1180 2388 1234 2435 Si
1259 2390 1314 2435 tu
1343 2388 1414 2435 sis
1438 2388 1610 2444 homo,
1889 2415 1892 2419 ι

420 2481 518 2528 Hic
555 2480 732 2528 faciat.
787 2479 887 2526 ΑΕ.
942 2478 1014 2525 Mi
1052 2476 1232 2538 pater!
1281 2476 1377 2524 M1.
1427 2475 1558 2532 Quid
1593 2478 1648 2522 tu
1679 2476 1853 2521 autem

531 2555 669 2611 huic,
692 2555 851 2611 asine,
878 2551 1176 2600 auscultas?
1224 2551 1327 2599 DE.
1359 2550 1447 2598 Nil
1472 2551 1582 2610 agis
1604 2563 1615 2597 :
1900 2556 1991 2604 935

420 2645 556 2693 Fieri
575 2645 723 2692 aliter
747 2659 850 2692 non
868 2646 1056 2706 potest.
1113 2642 1208 2689 Μι.
1239 2641 1462 2690 Delirus,
1515 2642 1616 2689 ΑΕ.
1655 2641 1774 2688 Sine
1809 2645 1856 2687 te

1106 2730 1327 2774 exorem,
1353 2716 1425 2763 mi
1447 2719 1613 2778 pater.

307 2809 401 2859 Mi.
441 2809 677 2867 Insani83
715 2791 875 2854 aufer.
922 2806 1024 2853 DE.
1071 2805 1197 2864 Age,
1239 2803 1305 2849 da
1334 2803 1539 2850 veniam
1577 2802 1705 2851 filio.
1753 2803 1851 2852 M1.

1177 2877 1324 2924 Satin
1350 2889 1509 2924 sanus
1533 2875 1623 2924 es?
1684 2922 1689 2928 ,

213 2979 264 3023 15
425 2970 532 3030 Ego
561 2982 721 3016 novos
761 2967 975 3013 maritus
1015 2978 1150 3011 anno
1190 2963 1395 3010 demum
1427 2962 1608 3023 quinto
1644 2963 1695 3009 et
1720 2974 1863 3009 sexa-

1379 3046 1627 3098 gensumo

428 3126 575 3174 Fiam
616 3130 769 3187 atque
799 3139 956 3172 anum
988 3123 1295 3184 decrepitam
1315 3122 1538 3171 ducam?
1577 3123 1702 3171 Idne
1742 3124 1867 3171 estis

1209 3202 1440 3248 auctores
1466 3200 1630 3248 mihi?

315 3293 415 3341 An.
448 3293 579 3351 Fac,
616 3291 828 3353 promisi
850 3304 941 3350 ego
968 3289 1093 3337 illis.
1146 3288 1242 3336 M1.
1287 3288 1529 3336 Promisti
1561 3287 1771 3336 autem?
1807 3288 1869 3335 de

1166 3369 1215 3413 te
1238 3365 1465 3426 largitor,
1486 3380 1630 3428 puer.
1915 3367 2007 3415 940

320 3458 423 3508 DE.
454 3440 578 3518 Age,
621 3457 748 3518 quid
786 3456 954 3517 siquid
984 3461 1028 3503 te
1055 3454 1223 3515 majus
1257 3453 1399 3515 oret?
1443 3454 1537 3502 M1.
1570 3454 1728 3510 Quasi
1767 3467 1870 3500 non

1094 3532 1190 3580 hoc
1213 3532 1281 3581 sit
1303 3546 1626 3581 maxumum.
