2332 3814
1044 217 1109 225 -
1144 204 1295 239 xxxx]
1311 221 1316 225 ·
1335 217 1398 227 -·-·

326 255 397 306 Ν,
425 255 464 305 5,
491 254 617 294 71-
639 253 679 306 7,
701 255 726 295 9
1160 295 1167 299 ,
1834 236 1942 300 ’708
1967 280 2021 290 -
2042 258 2121 301 727

559 367 611 412 Si
650 367 811 413 frater
845 370 935 414 aut
975 367 1164 413 sodalis
1201 369 1350 423 esset,
1377 368 1465 428 qui
1492 370 1655 428 magis
1681 370 1872 416 morem
1900 383 1990 430 ge—

686 453 691 457 ’
1581 446 1712 490 reret
1729 443 1753 490 ’ἲ

340 536 391 577 75
556 531 654 576 Hic
690 543 792 577 non
834 532 1087 577 amandus
1106 530 1129 577 ?
1170 530 1336 577 hicine
1358 545 1462 577 non
1489 533 1766 591 gestandus
1790 533 1845 579 in
1871 534 1989 580 sinu

1451 606 1559 653 est?
1587 607 1746 654 Hem!

555 691 736 751 Itaque
777 692 902 739 adeo
941 705 1182 752 magnam
1223 692 1294 738 mi
1332 692 1477 739 inicit
1509 706 1604 738 sua
1628 694 1988 741 commoditate

1556 778 1747 824 curam,
2032 766 2122 814 710

556 854 632 900 Ne
658 854 787 901 forte
813 854 1110 915 imprudens
1136 855 1323 901 faciam
1348 856 1486 915 quod
1506 854 1636 902 nolit
1653 869 1668 913 3
1715 855 1879 902 sciens
1898 869 1988 903 oa-

1588 931 1740 978 vebo,

486 1061 490 1064 ,
552 1013 654 1060 Sed
680 1026 820 1060 cesso
844 1014 916 1060 ire
937 1014 1090 1072 intro,
1118 1027 1181 1061 ne
1207 1028 1379 1061 morae
1414 1015 1541 1062 meis
1566 1015 1762 1075 nuptiis
1787 1018 1986 1076 egomet

1563 1099 1706 1132 slem.

1481 1160 1490 1169 .
1573 1160 1709 1187 4⁶„

1088 1237 1335 1287 DEMEA

1120 1348 1295 1399 SENEX

307 1486 382 1528 IV
435 1482 531 1529 DE.
559 1482 803 1530 Defessus
828 1496 944 1529 sum
969 1483 1315 1530 ambulando:
1343 1485 1417 1541 ut,
1445 1482 1588 1543 Syre,
1619 1485 1664 1529 te
1689 1496 1805 1529 oum
1831 1486 1922 1530 tua

346 1571 378 1614 6
546 1574 918 1625 Monstratione
944 1589 1163 1635 magnus
1189 1575 1371 1636 perdat
1395 1575 1653 1637 Iuppiter!

544 1666 837 1726 Perreptavi
873 1679 1035 1726 usque
1071 1679 1222 1712 omne
1258 1665 1505 1725 oppidum
1533 1679 1544 1712 ε
1573 1666 1639 1711 ad
1664 1669 1882 1726 portam,
1911 1666 1978 1713 ad

1547 1740 1736 1800 laeum,
2021 1734 2111 1782 715

541 1832 650 1887 Quo
676 1830 814 1877 non?
839 1831 1014 1890 Neque
1039 1829 1118 1877 illi
1143 1829 1338 1876 fabrica
1362 1828 1471 1875 ulla
1501 1833 1610 1876 erat
1628 1843 1731 1876 nec
1763 1830 1975 1878 fratrem

344 1923 370 1964 5
423 1965 427 1969 Δ
1579 1906 1734 1973 1101110

539 1998 737 2046 Vidisse
760 2011 813 2045 se
839 1998 980 2045 aibat
1005 1998 1298 2058 quisquam.
1363 1999 1409 2046 N
1416 2012 1514 2044 unc
1538 2011 1658 2045 vero
1685 1999 1824 2045 domi

536 2091 746 2137 Certum
771 2090 1002 2136 obsidere
1028 2093 1104 2137 est
1127 2104 1308 2150 usque,
1341 2090 1499 2137 donee
1523 2090 1744 2138 redierit.

935 2228 1436 2281 MICMJDEMEA

1085 2339 1245 2375 SENES
1294 2340 1332 2374 11

295 2444 366 2488 1v
418 2437 507 2485 M1.
535 2437 645 2493 1110,
671 2436 774 2483 illis
800 2435 966 2482 dicam
991 2434 1190 2481 nullam
1217 2448 1325 2481 esse
1347 2435 1402 2480 in
1427 2435 1574 2481 nobis
1600 2448 1818 2483 moram.
1989 2493 1992 2496 ⁴

330 2524 362 2566 7
412 2525 508 2570 DE.
538 2524 634 2570 Sed
653 2536 826 2569 eccum
850 2522 1045 2582 ipsum.
1114 2522 1184 2567 Te
1205 2521 1313 2581 Jam
1333 2521 1526 2567 dudum
1552 2535 1756 2582 quaero,
1782 2521 1956 2570 Micio.
2011 2531 2100 2577 720

408 2612 500 2660 M1.
529 2610 660 2667 Quid
687 2624 808 2656 nam
827 2609 851 2656 ⁶?
911 2610 1013 2657 DE.
1052 2609 1180 2655 Fero
1230 2608 1331 2654 alia
1354 2609 1549 2669 flagitia
1573 2609 1638 2655 ad
1664 2612 1709 2656 te
1734 2610 1963 2670 ingentia

528 2703 659 2750 Boni
698 2702 839 2750 illius
883 2700 1245 2750 adulescentis,
1314 2703 1410 2750 Μῑ.
1444 2703 1570 2749 Εο00
1596 2703 1808 2750 autem!
1851 2705 1952 2752 DE.

1555 2778 1720 2834 Nova,

338 2867 363 2907 5
529 2865 806 2928 Capitalia.
862 2865 958 2913 M1.
992 2866 1099 2913 Ohe
1117 2866 1225 2927 jam
1252 2866 1261 2912 1
1313 2866 1415 2914 DE.
1446 2857 1623 2913 Nesois
1649 2866 1738 2926 qui
1762 2866 1839 2914 vir
1863 2867 1951 2915 sit.

415 2942 417 2944 ’
1445 2940 1540 2988 M1.
1579 2940 1714 2989 Soio,

412 3032 508 3078 Dis.
536 3035 576 3077 Ο
604 3029 775 3086 stulte,
806 3033 861 3076 tu
885 3030 946 3076 de
971 3029 1185 3090 psaltria
1211 3043 1290 3075 me
1316 3030 1542 3075 somnias

528 3118 690 3176 Agere
708 3130 723 3174 3
757 3117 851 3162 1100
879 3119 1143 3176 peceatum
1169 3117 1223 3162 in
1246 3116 1498 3176 virginem
1523 3119 1599 3162 est
1624 3116 1805 3165 civem.
1855 3119 1949 3167 M1.

1580 3191 1712 3238 Soio.
2003 3202 2093 3250 725

412 3282 508 3327 Dm.
534 3281 660 3335 Oho,
705 3281 801 3325 scis
836 3283 885 3326 01
922 3280 1140 3341 putere?
1199 3282 1292 3328 M1.
1336 3281 1467 3336 Quid
1502 3282 1554 3326 ni
1579 3283 1786 3342 patiar?
1847 3285 1949 3333 DE.

1445 3356 1538 3402 Die
1563 3358 1715 3405 mihi:

532 3448 646 3494 Non
674 3445 866 3493 clamas
893 3444 915 3490 5³
963 3446 1078 3491 Non
1106 3447 1301 3492 insanis
1325 3445 1348 3492 ?
1409 3446 1504 3493 M1.
1538 3447 1671 3493 Non.
1725 3448 1821 3494 DE.
1849 3449 1955 3515 Mag

822 3521 827 3526 ”
1362 3521 1450 3566 11111
1483 3522 1714 3580 quidem:
1751 3513 1927 3539 “⁷²“
