2332 3814
270 269 344 322 111,
365 268 405 323 2,
430 269 481 310 47
501 292 551 300 -
574 268 614 320 3,
643 267 688 309 11
1025 224 1089 242 ’-
1125 214 1212 252 ΜΚ
1248 227 1312 240 '—
1816 266 1893 308 345
1916 287 1955 296 -
1993 263 2072 307 365

501 381 729 427 Primum
754 379 987 426 indotata
1010 383 1110 438 est3
1130 383 1237 427 tum
1256 382 1532 440 praeterea,
1554 391 1683 439 quae
1707 377 1935 434 secunda

1381 453 1427 499 ei
1452 451 1544 499 dos
1567 454 1693 508 erat,
1982 446 2074 491 3115

503 543 660 591 Periit
684 556 694 589 t
722 556 813 604 pro
835 543 1032 602 virgine
1062 544 1172 589 dari
1198 545 1418 604 nuptum
1451 555 1554 588 non
1593 543 1782 602 potest.
1827 539 1937 585 Hoc

1317 615 1558 663 relicuom
1585 618 1662 662 est
1687 628 1698 662 t

507 704 559 751 Si
581 705 772 751 infitias
802 705 916 760 ibit,
944 706 1090 752 testis
1117 718 1318 752 mecum
1344 707 1420 750 est
1437 703 1624 750 anulus
1642 716 1793 764 quem
1816 702 1940 749 ami-

1537 781 1695 825 serat.

287 873 340 915 50
510 871 772 917 Postremo
813 870 1021 930 quando
1063 884 1153 930 ego
1197 871 1399 917 conscia
1439 870 1568 916 mihi
1600 883 1752 930 sum,
1793 882 1823 914 a
1862 881 1943 914 me

983 945 1188 1005 culpam
1217 957 1329 990 esse
1354 945 1486 989 hanc
1511 943 1704 1004 procul,

509 1036 686 1095 Neque
710 1035 932 1095 pretium
958 1048 1121 1094 neque
1145 1048 1250 1080 rem
1276 1034 1437 1080 ullam
1470 1033 1816 1080 intercessisse
1854 1032 1945 1078 illa

1028 1112 1119 1154 aut
1144 1122 1224 1154 me
1250 1108 1535 1167 indignam,
1561 1107 1706 1162 Geta,

512 1194 782 1256 Experiar.
843 1195 941 1242 GE.
983 1194 1116 1250 Quid
1140 1194 1256 1240 istic
1275 1194 1299 1239 ἳ
1331 1194 1469 1250 cedo,
1493 1196 1551 1239 ut
1573 1192 1757 1239 melius
1793 1191 1940 1238 dicis.

1009 1269 1098 1316 So.
1139 1269 1217 1315 Tu
1245 1272 1499 1329 quantum
1523 1271 1710 1330 potest,
1991 1270 2081 1317 350

510 1357 610 1404 Abi
642 1360 797 1417 atque
848 1357 1070 1416 Hegioni
1105 1361 1320 1417 cognato
1357 1358 1513 1418 hujus
1554 1370 1661 1404 rem
1709 1359 1944 1403 enarrato

1273 1445 1477 1478 omnem
1503 1431 1710 1490 ordine;

514 1519 650 1566 Nam
673 1518 719 1564 is
746 1520 922 1564 nostro
947 1517 1143 1564 Simulo
1173 1518 1272 1564 fuit
1304 1531 1538 1564 summus
1570 1520 1620 1564 et
1656 1530 1751 1564 nos
1791 1516 1948 1564 coluit

1434 1605 1699 1639 maxume.

298 1684 352 1725 55
395 1684 490 1731 GE.
514 1683 648 1730 Nam
674 1682 840 1729 hercle
870 1682 1003 1728 alius
1029 1696 1180 1729 nemo
1199 1684 1404 1750 respicit
1428 1697 1543 1730 nos,
1597 1682 1686 1729 So,
1726 1682 1947 1743 Propera

1191 1760 1266 1813 tn,
1293 1771 1406 1803 mea
1430 1756 1712 1811 Canthara.

517 1847 696 1903 Curre,
722 1846 1043 1894 obstetricem
1075 1859 1291 1902 accerse,
1327 1850 1386 1893 ut
1423 1859 1579 1907 quom
1615 1858 1744 1906 opus
1781 1846 1848 1891 sit
1886 1858 1950 1892 ne

1171 1921 1224 1966 in
1251 1933 1394 1966 mora
1416 1919 1564 1966 uobis
1590 1920 1706 1966 siet.

909 2110 1153 2160 nsum
1255 2109 1482 2161 SYRvs

945 2221 1119 2272 Senex
1265 2220 1468 2272 Snnvos

291 2401 411 2451 1113
435 2395 533 2443 ΒΕ.
553 2395 775 2456 Disperii
795 2395 806 2442 Ι
864 2394 1229 2456 Ctesiphonem
1255 2396 1434 2443 audivi
1459 2395 1623 2442 filium
2001 2393 2091 2438 355

545 2485 659 2532 Vna
684 2485 842 2532 fuisse
867 2486 919 2531 in
947 2486 1178 2546 raptione
1203 2499 1319 2533 cum
1344 2485 1621 2532 Aeschino,

545 2571 605 2618 Id
629 2570 814 2617 misero
840 2573 1000 2616 restat
1024 2571 1151 2617 mihi
1183 2570 1326 2626 mali,
1351 2572 1395 2617 si
1417 2570 1565 2617 illum
1589 2572 1776 2630 potest,

545 2658 642 2715 Qui
666 2659 860 2720 aliquoi
885 2660 956 2707 rei
975 2663 1052 2707 est
1077 2661 1248 2717 etiam,
1277 2673 1394 2707 eum
1421 2661 1484 2706 ad
1510 2660 1792 2719 nequitiem
1826 2657 1981 2703 addu-

1602 2745 1736 2779 cere.

334 2822 361 2863 5
547 2823 644 2871 Vbi
669 2835 760 2883 ego
785 2822 932 2869 illum
957 2835 1200 2882 quaeram
1220 2820 1243 2867 ?
1292 2821 1439 2867 credo
1474 2819 1756 2866 abductum
1793 2819 1846 2865 in
1888 2831 1984 2877 ga-

1591 2906 1746 2939 neum

547 2984 770 3044 Aliquo3
798 2984 1055 3044 persuasit
1080 2983 1163 3029 ille
1188 2984 1423 3044 inpurus,
1451 2984 1531 3029 sat
1548 2982 1672 3030 scio,
1999 2986 2089 3033 360

550 3069 648 3116 Sed
671 3082 843 3115 eccum
872 3069 1058 3128 Syrum
1084 3070 1157 3115 ire
1191 3069 1377 3128 vide03
1413 3069 1521 3130 jam
1556 3068 1679 3115 hinc
1715 3067 1855 3114 scibo
1894 3066 1983 3113 ubi

1619 3142 1737 3190 siet.

553 3229 721 3289 Atque
746 3229 913 3276 hercle
939 3229 1022 3275 hic
1050 3229 1111 3275 de
1139 3243 1288 3289 grege
1312 3229 1401 3276 illo
1428 3232 1504 3276 est
1525 3243 1535 3276 :
1571 3228 1614 3276 si
1637 3241 1719 3275 me
1745 3227 1959 3275 senserit

554 3318 689 3365 Eum
715 3318 1020 3377 quaeritare,
1050 3329 1333 3377 numquam
1361 3317 1493 3363 dicet
1513 3316 1780 3363 carnufeX.

316 3408 364 3449 lo
552 3405 666 3452 Non
694 3406 961 3453 ostendam
990 3405 1041 3451 id
1071 3419 1150 3452 me
1171 3404 1323 3453 velle.
1388 3405 1480 3452 ΞΥ.
1519 3405 1733 3452 Omnem
1761 3418 1864 3450 rem
1885 3417 1987 3449 mo-

1546 3479 1610 3525 do
1638 3479 1749 3525 seni

553 3564 663 3620 Quo
688 3567 838 3626 pacto
866 3563 1076 3611 haberet
1101 3577 1400 3612 enarramus
1426 3563 1600 3610 ordine
1629 3576 1640 3609 z
2001 3560 2092 3606 365
