2332 3814
1041 190 1107 203 -
1150 176 1275 214 XVIII
1313 190 1374 201 -

309 228 688 284 nnL1-z4
1811 230 2108 273 -affi-aoe

1045 392 1426 454 ACTVSIH

827 584 1178 634 SosrRATA
1280 583 1648 634 CANTHARA

894 705 1104 756 Mvmmz
1395 706 1543 756 Ast

306 868 425 919 111‚1
459 863 542 911 So.
577 863 813 920 Obsecro,
841 876 955 909 mea
984 863 1177 921 nutriit,
1221 832 1345 924 auid
1377 877 1516 910 nunc
1541 865 1629 911 fiet
1653 863 1677 911 ?
1730 864 1825 913 CA.
1871 865 2004 921 Quid

1468 940 1559 985 fiat
1582 952 1732 999 rogas
1750 939 1774 986 (ἰ

577 1027 730 1074 Recte
752 1027 947 1088 edepol,
976 1041 1144 1088 spero.
1207 1028 1294 1075 So,
1336 1027 1489 1074 Modo
1527 1028 1743 1086 doloreS,
1781 1043 1895 1076 mea
1930 1034 2004 1087 tu,

1178 1103 1436 1162 occipiunt
1460 1103 1762 1163 primulum.

459 1193 550 1240 CA.
577 1193 694 1239 Jam
718 1208 855 1240 nunc
878 1194 1044 1251 times,
1072 1195 1221 1253 quasi
1263 1208 1549 1253 numquam
1586 1195 1828 1251 adfueris,
1864 1210 2010 1242 num-

1153 1282 1306 1328 quam
1332 1271 1439 1315 tute
1472 1270 1724 1329 pepereris
1750 1269 1774 1316 5‘
2025 1273 2116 1320 290

459 1354 547 1405 So.'
576 1358 818 1405 Miseram
841 1358 944 1404 me!
974 1359 1232 1404 neminem
1257 1359 1439 1416 haheo,
1469 1359 1606 1405 solae
1634 1374 1814 1406 sumus
1835 1374 1850 1419 3
1877 1361 2008 1408 Geta

1157 1435 1329 1479 autem
1355 1434 1437 1479 hic
1464 1447 1568 1479 non
1595 1435 1738 1481 adest
1756 1449 1770 1492 3

350 1518 378 1558 5
575 1523 679 1570 Nec
705 1536 856 1583 quem
883 1522 948 1567 ad
973 1523 1298 1569 obstetricem
1324 1523 1545 1579 mittam,
1574 1538 1666 1570 nec
1681 1526 1769 1584 qui
1786 1528 2011 1572 accersat

1430 1598 1766 1646 Aeschinum.

459 1685 551 1732 CA.
579 1684 671 1731 Pol
687 1685 731 1730 is
750 1684 957 1744 quidem
970 1686 1078 1746 Jam
1097 1685 1179 1732 hic
1193 1685 1375 1732 aderit:
1397 1700 1516 1732 nam
1536 1701 1819 1747 numquam
1848 1702 2010 1735 unum

1298 1762 1592 1808 intermittit
1617 1763 1768 1820 diem,

577 1853 711 1907 Quin
737 1866 936 1913 semper
960 1855 1155 1902 veniat.
1218 1855 1306 1900 So.
1347 1853 1496 1899 Solus
1522 1868 1751 1900 mearum
1779 1855 2004 1902 miseria-

1220 1943 1334 1974 rum
1362 1931 1438 1975 est
1462 1930 1764 1977 remedium.

459 2017 549 2063 CA.
576 2018 618 2063 E
645 2031 696 2064 re
719 2021 841 2064 nata
859 2018 1042 2065 melius
1061 2020 1169 2065 fieri
1188 2019 1316 2065 haut
1333 2020 1503 2079 potuit
1521 2033 1677 2079 quam
1703 2021 1896 2067 factum
1915 2024 2008 2078 est,

1671 2107 1772 2150 era,
2027 2095 2118 2142 295

580 2178 795 2233 Quando
820 2179 1003 2226 vitium
1026 2179 1258 2227 oblatum
1284 2183 1378 2237 est,
1402 2181 1539 2240 quod
1565 2181 1630 2227 ad
1653 2181 1802 2227 illum
1829 2182 2014 2229 attinet

1409 2256 1771 2315 potissumum,

326 2351 378 2393 10
582 2340 779 2398 Talem,
804 2325 895 2387 tali
921 2355 1101 2402 genere
1135 2346 1288 2403 atque
1325 2343 1514 2400 animo,
1550 2346 1731 2389 natum
1768 2357 1830 2389 ex
1867 2347 2012 2390 tanta

1547 2418 1766 2465 familia.

462 2497 544 2544 So.
580 2499 660 2545 Ita
684 2500 770 2559 pol
793 2503 871 2548 est
894 2505 952 2547 ut
983 2502 1139 2549 dicis:
1174 2502 1344 2550 salvos
1381 2503 1529 2549 nobis
1570 2504 1688 2550 deos
1722 2508 1911 2563 quaeso
1954 2506 2012 2550 ut

904 2575 906 2578 ”
1650 2578 1766 2625 siet.

750 2722 921 2773 GETA
991 2725 1316 2776 SOSTRATA
1386 2726 1727 2778 CANTHARA

735 2847 936 2898 SERvos
1046 2850 1253 2900 MVLlER
1476 2851 1621 2901 Ast

311 3001 428 3056 1u‚2
465 2998 559 3045 GE.
585 2997 735 3046 Nunc
762 2999 891 3046 illud
918 3005 1010 3058 est,
1038 3017 1210 3062 quom,
1239 3005 1283 3050 si
1300 3004 1471 3051 omnia
1491 3017 1667 3051 omnes
1686 3018 1779 3050 sua
1797 3004 2011 3051 consilia,

1510 3080 1775 3125 conferant

579 3171 748 3230 Atque
783 3168 902 3215 huic
943 3168 1078 3215 malo
1124 3169 1342 3215 salutem
1380 3171 1645 3228 quaerant,
1685 3168 1845 3214 auxili
1882 3169 2012 3214 nihil

1520 3243 1774 3298 adferant,
2025 3243 2115 3291 300

394 3364 399 3393 ,
585 3333 729 3388 Quod
755 3332 982 3391 mihique
1008 3345 1221 3391 eraeque
1259 3330 1493 3390 filiaeque
1522 3330 1634 3377 erili
1657 3334 1749 3376 est.
1777 3329 1880 3377 Vae
1909 3330 2011 3375 mi—

392 3407 395 3421 ”
1516 3418 1625 3451 sero
1647 3405 1892 3481 mihis-

583 3494 684 3540 Tot
722 3507 802 3540 res
843 3496 1048 3554 repente
1085 3491 1476 3540 circumvallant
1523 3491 1658 3537 unde
1688 3491 1874 3549 emergi
1905 3503 2008 3536 non

1570 3567 1768 3625 potest:
